2221 3537
1931 74 1957 91 h

698 214 860 256 LIBER
890 213 959 257 IV.
1022 214 1138 256 CAP.
1163 215 1230 256 61.
1280 214 1441 257 LIBER
1462 216 1511 258 V.
1575 216 1690 259 CAP.
1717 217 1754 260 1.

351 219 458 267 260
1827 239 1860 262 a.
1877 237 1914 264 u.
1930 230 2008 264 350.
2025 231 2106 265 351.

351 343 580 408 praesidii
614 342 840 401 habebat,
876 349 957 392 aut
989 359 1127 408 spem
1164 344 1307 392 dabat
1334 343 1590 395 deditionis
1619 346 1753 395 omni
1779 345 1972 411 publico
1997 345 2106 397 fru-

290 421 315 461 8
351 420 532 472 meum,
561 414 846 477 priusquam
871 414 988 463 urbs
1016 421 1285 478 caperetur,
1312 415 1362 461 in
1388 430 1547 464 arcem
1570 424 1825 476 convect03
1850 417 2108 481 taedioque

352 499 596 532 recessum
630 484 741 532 inde
774 484 923 544 foret,
961 484 1010 532 ni
1038 499 1206 532 servus
1234 499 1394 533 arcem
1423 485 1656 535 Romanis
1684 487 1996 551 prodidisset.
2048 487 2106 535 ab

350 570 406 601 eo
447 554 621 602 milites
650 569 735 617 per
763 553 923 602 locum
952 555 1154 602 arduum
1184 555 1366 617 accepti
1393 570 1586 619 cepere3
1625 573 1650 605 a
1678 557 1853 622 quibus
1883 572 1992 607 cum
2019 571 2106 605 cu-

348 624 513 672 stodes
540 624 912 681 trucidarentur,
943 632 1097 672 cetera
1121 625 1376 673 multitudo
1398 626 1649 689 repentino
1673 643 1848 691 pavore
1869 628 2104 692 obpressa

285 703 310 742 9
352 693 401 741 in
437 694 729 742 deditionem
764 695 904 742 venit.
957 695 1114 742 diruta
1150 702 1195 743 et
1229 710 1333 743 arce
1369 703 1416 744 et
1441 697 1559 745 urbe
1585 698 1761 746 Artena
1788 698 2011 747 reductae
2036 697 2105 745 le—

346 764 513 827 giones
560 781 613 812 ex
654 764 862 821 Volscis,
909 765 1165 828 omnisque
1209 765 1281 813 vis
1321 766 1536 815 Romana
1572 768 1713 816 Veios
1750 782 1981 816 conversa
2015 772 2103 816 est.

259 842 310 882 10
346 835 586 897 proditori
623 841 812 897 praeter
849 834 1115 882 libertatem
1153 835 1356 883 duarum
1391 837 1682 885 familiarum
1719 837 1844 886 bona
1878 837 1928 885 in
1963 851 2105 901 prae-

345 904 496 952 mium
519 905 644 959 data,
669 904 866 951 Servius
889 903 1136 952 Romanus
1160 905 1410 953 vocitatus.
1452 913 1567 954 sunt
1586 907 1665 970 qui
1687 908 1911 956 Artenam
1931 906 2104 955 Veien-

257 981 303 1020 11
343 973 462 1021 tium
490 988 589 1021 non
613 974 897 1022 Volscorum
925 974 1075 1022 fuisse
1096 975 1307 1023 credant.
1351 976 1549 1038 praebet
1568 992 1801 1034 errorem,
1822 977 1953 1041 quod
1974 977 2106 1026 eius-

344 1044 452 1091 dem
489 1043 704 1091 nominis
739 1044 857 1092 urbs
897 1043 1020 1092 inter
1046 1045 1189 1093 Caere
1225 1052 1368 1107 atque
1395 1046 1536 1095 Veios
1563 1047 1677 1106 fuit3
1714 1048 1797 1096 sed
1827 1062 1933 1097 eam
1959 1062 2100 1110 reges

267 1160 280 1167 ,
342 1113 547 1161 Romani
570 1114 796 1170 delevere,
820 1114 1183 1178 Caeretumque,
1206 1130 1306 1163 non
1326 1115 1590 1165 Veientium
1612 1117 1795 1178 fuerat3
1823 1117 1967 1167 altera
1986 1117 2104 1166 haec

343 1184 542 1232 nomine
568 1185 739 1233 eodem
769 1185 817 1233 in
845 1184 1017 1233 Volsco
1047 1200 1162 1248 agro
1191 1186 1296 1244 fuit,
1326 1186 1461 1235 cuius
1489 1187 1727 1236 excidium
1754 1194 1828 1238 est
1851 1183 2050 1237 dictum.

945 1550 1187 1615 ΤΙΤΙ
1257 1550 1507 1615 LIVI

782 1675 882 1724 AB
946 1677 1178 1726 URBE
1241 1678 1652 1728 CONDITA

1094 1791 1333 1832 LIBERV.

272 1995 299 2042 1
483 1991 603 2039 Pace
638 1992 745 2040 alibi
783 2001 949 2056 parata
977 1994 1184 2042 Romani
1211 1994 1406 2059 Veiique
1440 1996 1490 2044 in
1525 1995 1671 2044 armis
1708 2001 1846 2044 erant
1870 2000 2002 2045 tanta
2026 1994 2097 2045 ira

339 2060 562 2126 odioque,
592 2068 645 2110 ut
672 2062 806 2112 victis
835 2065 979 2112 finem
1008 2066 1177 2113 adesse
1199 2071 1468 2130 appareret.
1517 2065 1708 2114 comitia
1729 2066 1983 2130 utriusque
2002 2081 2094 2130 po-

335 2199 581 2249 Magazinen
620 2201 691 2240 des
728 2202 909 2242 Staates.
940 2226 995 2231 —
1025 2217 1170 2258 cepere

337 2269 375 2295 n.
411 2270 570 2308 arcem,
610 2258 788 2296 welches
826 2260 877 2297 im
911 2259 1167 2310 Vorbergeh.

336 2313 460 2351 sehon
486 2314 688 2352 seclismal
707 2316 789 2352 sicli
810 2315 949 2362 findet,
975 2317 1056 2355 und
1075 2318 1170 2356 des-

336 2368 430 2407 balb
454 2370 542 2408 bier
564 2370 676 2408 nicht
699 2369 965 2421 biuzugefiigt
989 2372 1056 2424 ist,
1079 2385 1112 2412 s.
1134 2386 1169 2413 c.

336 2425 402 2473 55,
427 2425 473 2472 43
498 2424 537 2473 3,
561 2427 627 2473 55,
656 2427 717 2465 14.

395 2480 560 2519 10-11.
607 2482 865 2531 hbet-tatem,
905 2496 937 2522 s.
970 2484 1014 2533 2,
1047 2485 1085 2523 5.
1116 2507 1170 2513 —

335 2534 682 2588 duat-utriscum,
736 2540 1074 2578 walirsclieinlich
1115 2540 1170 2578 ist

335 2591 410 2629 der
433 2593 547 2630 einer
570 2596 746 2631 liiilieren
773 2595 914 2632 Classe
940 2596 990 2633 im
1011 2595 1167 2633 Census

336 2649 663 2698 entsprecbeude
697 2649 833 2687 Besitz
863 2651 1062 2698 gemfflnt,
1096 2652 1167 2689 das

335 2702 541 2754 Doppelte
573 2705 648 2742 der
677 2705 713 2742 5.
740 2705 898 2744 Classe.
941 2708 1066 2745 Sonst
1097 2707 1167 2744 be-

336 2758 524 2797 konnnen
563 2761 626 2798 die
658 2760 832 2799 Sclaven
872 2762 946 2799 den
986 2762 1168 2802 Census-

337 2816 481 2853 s‘titzen
514 2818 838 2868 entsprecluende
865 2817 1168 2871 Geldsummem

337 2883 369 2909 s.
392 2884 426 2909 c.
448 2871 513 2919 45,
538 2871 575 2910 2.
618 2870 812 2921 Servius,
847 2873 878 2924 l,
905 2875 968 2918 39,
996 2876 1033 2912 5.
1081 2875 1167 2914 lto-

335 2940 509 2973 manus,
545 2941 589 2966 so
621 2931 790 2967 wurden
820 2930 884 2968 die
909 2943 997 2968 vom
1024 2931 1165 2969 Stante

336 2979 655 3031 freigegebenen
728 2986 902 3023 Selaven
973 2993 1165 3036 gentiunt,

335 3050 453 3076 wenn
487 3040 546 3077 sie
578 3041 685 3079 nic-ht
715 3042 789 3079 den
823 3041 975 3080 Namen
1007 3044 1078 3080 des
1108 3044 1166 3082 sie

336 3092 412 3131 srei
451 3095 667 3134 lassenden
708 3097 974 3146 magistrates
1010 3101 1169 3137 annal!-

336 3162 441 3196 luen,
466 3151 547 3200 vgl.
571 3154 609 3200 2,
629 3154 667 3201 5,
692 3153 759 3200 10;
785 3154 922 3203 Lange
946 3155 980 3203 1,
1004 3156 1093 3193 149.
1114 3178 1169 3184 ——

337 3208 526 3258 vocitat„
559 3208 642 3247 Cic.
669 3208 768 3261 step.
792 3211 829 3259 2,
854 3211 921 3250 27.
945 3233 999 3240 —
1027 3224 1164 3263 reges,

1262 2206 1377 2244 einer
1406 2205 1480 2244 der
1501 2202 1685 2255 Pionige,
1716 2211 1841 2244 unter
1861 2205 1937 2244 den
1959 2202 2094 2244 Koni-

1261 2274 1352 2311 gen.
1388 2260 1432 2300 L.
1453 2262 1522 2299 hat
1538 2262 1652 2300 esim
1672 2266 1811 2300 ersten
1830 2261 1964 2299 Buche
1983 2260 2095 2299 nicht

1261 2317 1465 2366 erwiihnt‚
1488 2318 1569 2356 und
1590 2317 1670 2355 wol
1686 2316 1799 2367 jetzt
1815 2321 1903 2356 erst
1921 2316 1960 2354 in
1979 2316 2095 2356 einer

1260 2371 1404 2412 friiher
1439 2374 1550 2412 nicht
1586 2372 1808 2412 benutzten
1839 2370 1987 2424 Quelle
2015 2384 2093 2422 ge-

1259 2427 1426 2467 funden.

1320 2476 1447 2523 1-7.
1483 2481 1772 2522 Verhiiltnisse
1804 2484 1842 2522 in
1867 2482 2090 2533 Etrurien3

1259 2538 1608 2587 Verhandlungen
1651 2539 1753 2578 iiber
1794 2539 1858 2579 die
1899 2538 2093 2580 VVinter-

1259 2594 1452 2644 feldziige
1475 2595 1512 2633 in
1537 2595 1650 2634 Rom.

1321 2651 1356 2689 1.
1394 2651 1511 2699 alibi,
1549 2652 1621 2690 mit
1657 2651 1732 2690 den
1764 2649 1973 2691 Volskern
2010 2651 2093 2690 und

1259 2707 1451 2759 Aequern
1491 2720 1578 2746 war
1615 2708 1712 2746 nach
1748 2708 1825 2746 den
1857 2706 1904 2758 4,
1934 2705 1982 2746 61
2023 2719 2092 2746 er-

1260 2765 1425 2802 ziilllten
1458 2763 1724 2814 Ereignissen
1757 2763 1890 2813 einige
1912 2762 2028 2813 Zeit‚
2058 2775 2092 2803 s.

1260 2833 1293 2858 c.
1323 2819 1396 2863 13;
1427 2820 1496 2867 16,
1529 2819 1692 2859 Friede.
1722 2842 1778 2848 —
1802 2822 1976 2874 parata,
2005 2818 2090 2870 vgl.

1260 2890 1293 2914 c.
1319 2877 1357 2922 b’,
1385 2877 1428 2914 1:
1468 2876 1541 2926 21,
1565 2876 1640 2923 60,
1663 2876 1707 2914 4:
1745 2889 1820 2915 nec
1849 2889 1940 2929 pam
1966 2875 2090 2917 modo

1259 2932 1524 2971 sedsocielas
1542 2934 1669 2971 etiam
1683 2944 1904 2971 armorum
1919 2934 2096 2985 parala3

1261 2990 1326 3037 30,
1351 2988 1418 3038 36,
1447 2988 1517 3035 11;
1542 2987 1637 3027 Tac.
1665 2987 1696 3026 H
1735 2989 1770 3039 5,
1799 2987 1867 3028 10:
1894 2999 1997 3041 pace
2014 3000 2092 3040 pa-

1260 3048 1376 3096 rata,
1407 3050 1524 3082 sonst
1554 3045 1608 3083 ist
1628 3046 1754 3095 parta
1773 3055 1875 3096 pace
1895 3045 2091 3092 gewo'hn-

1261 3101 1354 3139 licln.
1377 3122 1431 3128 —
1452 3099 1571 3139 Rom.
1597 3100 1750 3152 Veiiq„
1771 3099 1837 3150 23,
1863 3099 1930 3147 41,
1952 3097 2017 3138 13.
2033 3121 2090 3128 —

1260 3158 1430 3195 cmm‘lia
1453 3157 1508 3195 ist
1536 3169 1613 3195 von
1645 3157 1721 3194 den
1755 3155 1984 3206 Vejenteru
2012 3168 2088 3194 un·
2163 3200 2166 3204 ¹

1261 3212 1482 3262 eigentlich
1505 3225 1557 3252 zu
1578 3212 1817 3252 verstehen.
