2221 3537
120 229 153 255 a.
182 219 250 255 ota.
274 220 352 254 403.
757 206 916 248 LIBER
951 206 998 248 V.
1059 206 1178 246 CAP.
1204 206 1244 246 6.
1775 206 1873 255 271

118 337 512 399 contendantque
543 340 591 383 et
623 334 797 383 animis
835 342 882 383 et
916 333 1208 398 corporibus
1244 336 1345 382 suis
1382 334 1562 383 virilem
1600 333 1877 397 patientiam

115 408 293 466 inesse,
320 412 368 456 et
393 421 445 454 se
469 405 597 453 iuxta
625 404 782 453 bieme
810 413 951 469 atque
976 410 1154 453 aestate
1181 403 1301 451 bella
1330 421 1494 466 gerere
1523 420 1683 467 posse,
1712 420 1800 452 nec
1826 421 1878 453 se

114 476 437 543 patrocinium
471 474 695 523 mollitiae
727 476 1021 539 inertiaeque
1057 475 1316 522 mandasse
1354 475 1584 531 tribunis,
1622 482 1667 523 et
1704 475 1876 523 memi-

114 547 249 597 nisse
280 546 407 595 hanc
440 545 598 610 ipsam
634 552 924 610 potestatem
961 560 1060 594 non
1090 545 1136 593 in
1163 544 1333 592 umbra
1364 559 1450 591 nec
1479 546 1523 592 in
1556 547 1691 593 tectis
1721 546 1873 594 maio-

110 631 189 667 res
216 631 335 666 suos
361 631 569 665 creasse.
615 616 734 665 haec
761 618 931 665 virtute
959 616 1165 664 militum
1195 622 1487 667 vestrorum.
1518 616 1631 662 baec
1654 616 1872 664 Romano

110 687 312 737 nomine
340 693 455 736 sunt
490 687 657 749 digna,
701 702 801 735 non
832 687 972 735 Veios
1008 693 1194 735 tantum
1231 700 1319 733 nec
1355 686 1447 733 boc
1483 685 1654 733 bellum
1686 686 1873 742 intueri,

111 758 243 823 quod
270 758 440 815 instat,
470 758 554 806 sed
582 757 757 806 famam
786 765 833 806 et
858 758 915 806 ad
944 757 1031 806 alia
1062 757 1178 805 bella
1207 763 1254 804 et
1281 757 1337 804 ad
1369 763 1557 804 ceteros
1588 756 1798 820 populos
1828 758 1875 804 in

109 834 363 894 posterum
391 843 634 893 quaerere.
679 844 737 877 an
766 829 1008 877 mediocre
1034 828 1295 876 ‹lis-crimen
1324 826 1570 890 opinionis
1593 834 1874 875 secuturum

111 914 169 949 ex
202 899 292 948 hac
325 915 376 948 re
411 899 611 963 putatis,
648 907 811 949 utrum
851 899 1044 948 tandem
1083 898 1289 947 linitumi
1324 899 1559 962 populum
1599 897 1875 946 Romanum

109 985 219 1019 eum
256 984 365 1019 esse
392 977 587 1034 putent,
625 971 762 1019 cuius
791 972 830 1019 si
860 987 951 1034 qua
979 971 1096 1019 urbs
1126 970 1336 1034 primum
1368 970 1498 1017 illum
1528 976 1572 1016 et
1602 968 1874 1016 brevissimi

63 1092 77 1105 ,
107 1040 346 1106 temporis
374 1041 658 1089 sustinuerit
683 1041 935 1105 impetum,
964 1041 1079 1089 nibil
1104 1041 1276 1089 deinde
1299 1040 1484 1096 timeat,
1514 1055 1572 1087 an
1597 1040 1673 1087 bic
1694 1040 1755 1087 sit
1777 1047 1872 1087 ter-

107 1126 192 1161 ror
217 1111 432 1160 nominis
462 1112 633 1168 nostri,
662 1119 713 1161 ut
737 1112 998 1161 exercitum
1024 1112 1296 1159 Romanum
1326 1126 1425 1158 non
1448 1110 1657 1158 taedium
1682 1109 1875 1172 longin-

108 1197 230 1246 quae
266 1182 674 1246 oppugnationiS,
709 1197 809 1230 non
846 1182 914 1230 vis
943 1182 1115 1230 hiemis
1144 1181 1202 1229 ab
1230 1181 1349 1229 urbe
1376 1181 1698 1228 circumsessa
1726 1180 1874 1227 semel

105 1266 330 1301 amovere
355 1253 529 1315 possit,
556 1268 645 1300 nec
672 1254 816 1300 linem
844 1253 992 1300 ullum
1021 1252 1165 1300 alium
1195 1251 1301 1299 belli
1329 1266 1472 1314 quam
1502 1250 1750 1298 victoriam
1779 1264 1874 1297 no-

104 1322 249 1383 verit,
289 1336 378 1371 nec
411 1322 597 1387 impetu
634 1323 797 1386 potius
834 1322 951 1371 bella
988 1338 1130 1386 quam
1161 1321 1514 1385 perseverantia
1544 1317 1713 1383 gerat?
1753 1335 1873 1384 quae

104 1392 154 1442 in
182 1393 314 1442 omni
342 1392 535 1457 quidem
563 1409 743 1456 genere
765 1394 974 1449 militiae,
1005 1392 1212 1440 maxime
1232 1399 1393 1440 tamen
1416 1392 1461 1439 in
1486 1390 1767 1439 obsidendis
1788 1406 1871 1439 ur-

103 1462 245 1513 bibus
273 1464 545 1512 necessaria
573 1471 661 1522 est,
689 1480 893 1528 quarum
923 1464 1178 1527 plerasque
1206 1462 1562 1511 munitionibus
1590 1478 1644 1510 ar.
1672 1461 1874 1510 naturali

104 1535 201 1584 situ
238 1535 637 1599 inexpugnabiles
670 1535 798 1583 fame
834 1535 1006 1598 sitique
1033 1542 1228 1598 tempus
1257 1534 1417 1597 ipsum
1447 1533 1593 1581 vincit
1619 1539 1759 1596 atque
1786 1548 1874 1580 ex-

104 1612 303 1670 pugnat,
332 1605 458 1655 sicut
480 1605 618 1654 Veios
647 1606 954 1670 expugnabit,
985 1605 1075 1653 nisi
1106 1604 1282 1653 auxilio
1313 1603 1535 1652 hostibus
1558 1603 1739 1651 tribuni
1763 1602 1868 1666 ple-

102 1676 177 1725 bis
204 1676 405 1731 fuerint,
443 1683 489 1724 et
516 1677 696 1725 Romae
724 1677 994 1725 invenerint
1019 1675 1256 1739 praesidia
1287 1675 1521 1730 Veientes,
1552 1690 1671 1737 quae
1699 1674 1869 1737 nequi-

103 1762 247 1811 quam
281 1746 330 1795 in
366 1746 556 1796 Etruria
590 1754 841 1810 quaerunt.
894 1762 954 1796 an
988 1753 1062 1795 est
1097 1746 1382 1810 quicquam,
1424 1745 1554 1808 quod
1594 1744 1869 1792 Veientibus

104 1823 324 1882 optatum
351 1833 500 1881 aeque
527 1818 809 1881 contingere
837 1818 1017 1882 possit,
1053 1833 1197 1881 quam
1227 1824 1278 1866 ut
1306 1815 1625 1865 seditionibus
1656 1815 1868 1878 primum

102 1888 222 1938 urbs
249 1888 491 1948 Romana,
518 1888 689 1938 deinde
715 1889 842 1938 velut
867 1905 924 1937 ex
951 1888 1241 1952 contagione
1271 1894 1424 1936 castra
1454 1883 1782 1951 impleantur?
1823 1891 1870 1934 at

1030 2057 1109 2096 wie
1139 2055 1164 2109 ξ
1194 2056 1218 2095 6
1246 2070 1327 2097 non
1360 2056 1493 2096 Veios
1522 2069 1600 2095 von
1630 2055 1751 2104 haec,
1788 2054 1870 2092 und

1031 2114 1120 2153 sind
1144 2114 1273 2152 daher
1303 2113 1415 2152 nicht
1446 2126 1524 2151 von
1556 2112 1780 2152 discrimen
1804 2124 1870 2150 se-

101 2056 215 2098 kalte
238 2055 373 2107 Tage,
412 2069 444 2096 S.
474 2056 516 2109 2,
555 2058 593 2106 5,
635 2056 674 2097 3.
705 2080 761 2086 —
789 2059 940 2098 umbra

102 2113 190 2154 Bild
223 2113 297 2154 der
328 2113 666 2161 Weicbliclikeit3
706 2127 782 2153 zur
806 2115 938 2153 Sache

101 2169 142 2220 2,
165 2170 232 2210 32.
250 2193 305 2199 —
320 2171 464 2222 instat,
487 2171 523 2217 2,
547 2170 613 2221 48,
638 2170 676 2210 6.
697 2194 747 2198 -
764 2171 821 2211 ad
839 2171 938 2220 alia,

100 2224 189 2277 ftir,
227 2227 312 2277 vgl.
350 2226 375 2279 ξ
417 2226 516 2266 lad
543 2227 672 2275 dise.;
709 2227 766 2267 ad
795 2231 938 2279 ceter„

101 2283 189 2332 heir,
214 2295 248 2322 s.
270 2282 431 2333 29‚11,
457 2283 502 2331 43
527 2283 567 2332 6,
591 2284 657 2335 34,
680 2285 719 2323 5.

159 2340 197 2380 7.
238 2352 292 2379 an
321 2339 533 2380 mediocre
557 2346 656 2391 etc„
689 2340 849 2380 Beweis
872 2339 939 2379 fiir

101 2397 178 2437 den
208 2397 260 2436 im
292 2397 538 2447 vorhergeb.
565 2397 690 2436 Satze
729 2397 939 2436 entlialte-

103 2465 180 2493 nen
194 2452 443 2493 Gedanken:
468 2466 513 2492 es
532 2454 701 2493 bandelt
722 2455 807 2493 sich
825 2454 938 2504 jetzt

103 2509 218 2548 nicht
239 2509 329 2548 blos
352 2522 416 2548 um
446 2510 510 2549 die
535 2510 782 2560 Eroberung
806 2510 937 2561 Vejis,

103 2565 283 2605 sondern
307 2578 371 2604 um
395 2566 470 2604 den
495 2564 579 2605 Rus
603 2580 642 2606 u.
667 2565 936 2617 Hriegsruhm

103 2621 227 2662 Roms
262 2622 512 2675 iiberhaupt,
557 2623 661 2661 denn
701 2625 764 2663 ihr
805 2625 938 2664 miisst

103 2679 359 2727 einriiumen,
382 2680 478 2718 dass
501 2679 588 2718 sich
611 2680 674 2718 die
699 2680 935 2720 iill'entliehe

103 2734 302 2787 Meinung
338 2735 589 2788 uberhaupt,
625 2737 727 2775 auch
767 2737 829 2776 bei
858 2738 935 2776 den

100 2793 282 2832 anderen
316 2792 499 2832 Viilkeru
526 2794 749 2847 (opinionis
775 2793 938 2833 bezieht

102 2849 187 2889 sich
219 2849 270 2889 im
294 2848 559 2900 Gegensatze
590 2862 640 2887 zu
662 2850 848 2902 finitimi
869 2848 943 2889 auf

101 2909 265 2947 ceteros
298 2906 516 2961 populos),
553 2918 657 2955 ganz
688 2907 839 2945 auders
869 2919 941 2956 ge-

103 2963 256 3003 stalten
289 2964 410 3013 wird‚
442 2963 486 3013 je
519 2963 712 3001 imcbdein
746 2963 782 3001 iu
810 2962 938 3013 Fulge

103 3032 278 3059 unseres
295 3018 550 3059 Verl'abrens
571 3033 646 3058 vor
666 3019 759 3069 vvji
783 3020 846 3058 die
871 3019 939 3058 be·

102 3075 351 3116 nacbbarten
376 3075 534 3117 Viilker
570 3078 788 3115 entweder
818 3076 939 3125 glau-

103 3132 199 3184 ben,
224 3133 319 3172 dass
342 3157 368 3162 -
391 3134 492 3172 oder
515 3147 589 3172 uns
613 3147 658 3171 so
683 3131 872 3171 l'iircbten
899 3146 936 3172 u.

103 3201 137 3229 s.
161 3201 213 3228 w.
237 3211 285 3218 —-
308 3193 453 3230 utrum
476 3214 502 3218 —
523 3204 574 3229 an
606 3190 816 3229 entliulten
849 3190 938 3229 eine

104 3245 277 3286 weitere
300 3245 571 3298 Ausl'iihrung
600 3260 677 3286 von
702 3260 758 3285 ea·
778 3246 856 3286 leae
879 3259 938 3297 re,

1030 2173 1230 2209 cutm-um
1272 2169 1490 2219 abhiingig.
1522 2192 1568 2197 —-
1607 2168 1756 2208 deinde
1797 2168 1868 2206 be·

1029 2227 1141 2266 zieht
1176 2226 1261 2264 sicii
1302 2227 1412 2264 nicht
1443 2225 1603 2263 sowohl
1634 2222 1708 2264 auf
1735 2226 1775 2263 si
1807 2223 1870 2263 als

1028 2282 1102 2322 auf
1128 2284 1337 2336 primum:
1368 2283 1497 2327 daun,
1531 2293 1649 2320 wenn
1689 2282 1761 2319 das
1785 2281 1874 2319 eiu-

1028 2345 1219 2389 getreten
1240 2341 1316 2378 sei.

1086 2396 1181 2435 8-9.
1225 2399 1271 2435 ut
1293 2419 1319 2423 -
1337 2397 1478 2448 possit
1510 2395 1598 2433 dem
1622 2393 1872 2442 vorbergeh.

1025 2456 1177 2506 putent
1194 2452 1511 2504 entsprucbend,
1538 2457 1662 2490 statt:
1683 2449 1870 2490 utintel-

1026 2510 1190 2561 leg-atm-
1219 2533 1246 2537 —
1275 2523 1356 2548 non
1386 2522 1538 2562 posse,
1577 2508 1615 2558 l,
1651 2508 1717 2558 ll,
1752 2507 1797 2545 7:
1829 2505 1867 2555 3,

1028 2566 1095 2614 35³,
1120 2570 1158 2605 o.
1182 2589 1237 2595 —
1257 2565 1533 2617 longinquae,
1556 2566 1602 2610 4,
1632 2563 1700 2614 IS,
1724 2565 1770 2610 23
1794 2575 1870 2601 an-

1028 2624 1124 2662 ders
1154 2622 1199 2670 3,
1238 2623 1312 2671 33,
1351 2624 1389 2661 5.
1414 2645 1466 2650 —
1489 2634 1563 2660 nec
1584 2644 1610 2648 —
1628 2623 1758 2672 gerat
1789 2619 1868 2658 soll

1029 2693 1106 2719 nur
1129 2681 1204 2718 den
1233 2678 1478 2729 folgenden,
1517 2676 1646 2716 sreier
1666 2674 1868 2726 augel'ug-

1028 2742 1097 2776 ten
1137 2736 1218 2774 und
1251 2737 1361 2775 nicht
1392 2736 1508 2774 mehr
1537 2748 1586 2772 zu
1626 2735 1700 2772 der
1733 2733 1866 2780 Frage

1027 2793 1295 2843 geliiireudeu
1339 2791 1563 2831 Gedankvn
1612 2789 1864 2835 vermittrln,

1028 2850 1107 2888 wie.
1130 2850 1180 2888 im
1203 2849 1343 2898 Folg.:
1367 2851 1479 2888 sicut
1496 2848 1515 2887 Ι
1529 2847 1626 2884 'eins
1644 2857 1869 2898 expugna—

1029 2908 1100 2945 bit.
1124 2907 1317 2957 —same
1339 2908 1426 2954 sih,
1459 2917 1534 2942 von
1561 2901 1868 2949 llungersnoth,

1030 2963 1093 3001 die
1128 2963 1189 3001 bei
1224 2965 1342 3001 einer
1371 2975 1416 2999 so
1447 2960 1589 3006 lange-n
1616 2957 1869 2998 [linscblies-

1030 3032 1135 3069 sung
1158 3020 1194 3058 iu
1217 3019 1308 3069 v··ji
1334 3019 1446 3056 biitte
1471 3015 1728 3053 ausbrevbeu
1754 3014 1864 3052 uniis-

1031 3089 1125 3123 sen,
1171 3077 1224 3115 ist
1266 3076 1328 3113 bei
1373 3075 1446 3112 der
1478 3073 1752 3120 Srliilderuug
1792 3071 1867 3109 der

1033 3133 1291 3180 Belagerung
1316 3130 1512 3179 nii-genus
1535 3130 1598 3167 die
1625 3128 1757 3175 ssede,
1785 3126 1869 3177 vgl.

1032 3203 1066 3228 c.
1098 3190 1158 3234 19,
1190 3190 1250 3227 ll.

1094 3246 1258 3284 11-12.
1297 3258 1353 3283 ea·
1377 3246 1562 3296 comaga,
1595 3243 1633 3292 ¹),
1660 3240 1697 3292 1,
1721 3240 1760 3291 (3,
1783 3238 1866 3290 vgl.

1911 1613 1959 1653 10

1911 1752 1956 1794 11

1908 1893 1958 1932 12
