2221 3537
318 151 376 202 31
389 154 420 201 4
914 150 1071 192 LIBER
1092 150 1138 192 11.

1203 149 1318 191 CAP.
1342 151 1409 191 44.

1881 148 1885 149 ⁷
1898 173 1930 198 t.
1952 175 1989 198 u.
2012 166 2087 201 2¹14.

317 279 408 328 bus
430 279 615 344 Appius
637 277 865 327 Claudius
887 278 1060 327 victam
1081 278 1393 327 tribuniciam
1413 282 1710 342 potestatem
1733 279 1896 329 dicere
1921 281 2086 345 priore

318 365 464 407 anne,
505 350 557 398 in
594 349 873 414 praesentia
909 364 986 406 re,
1015 349 1238 413 exemplo
1272 348 1322 397 in
1347 355 1662 412 perpetuum,
1691 351 1887 414 quando
1913 351 2088 401 inven-

258 434 281 474 3
316 430 421 470 tum
448 420 512 469 sit
535 421 636 469 suis
657 421 811 484 ipsam
833 419 1017 468 viribus
1039 418 1253 468 dissolvi.
1294 434 1456 483 neque
1475 419 1609 468 enirn
1632 435 1865 485 umquam
1886 420 2086 472 defutu-

310 506 448 550 rum,
489 492 572 555 qui
612 499 658 540 et
686 506 742 539 ex
771 490 949 551 collega
977 489 1228 538 victoriam
1258 488 1348 537 sibi
1384 497 1433 538 et
1458 489 1663 551 gratiam
1691 491 1909 540 melioris
1935 491 2086 556 partis

311 562 444 610 bono
468 561 662 625 publico
697 561 810 609 velit
832 560 1103 623 quaesitam
1125 577 1136 618 3
1169 567 1215 607 et
1237 559 1418 622 plureS,
1441 561 1480 608 si
1503 560 1727 623 pluribus
1749 577 1874 626 opus
1894 562 1970 621 sit,
1992 562 2086 612 tri-

310 633 472 682 bunos
501 633 557 680 ad
586 632 819 681 auxilium
849 630 1109 678 consulum
1139 636 1334 693 paratos
1362 630 1484 685 fore,
1513 637 1560 678 et
1581 644 1737 679 unum
1757 633 1832 680 vel
1857 633 2085 681 adversus

255 718 281 756 4
312 717 483 751 omnes
513 703 629 751 satis
671 717 794 750 esse.
849 702 1019 749 darent
1047 701 1194 748 modo
1224 708 1271 748 et
1299 701 1528 749 consules
1551 707 1599 749 et
1618 702 1864 765 primores
1889 710 2085 766 patrum

312 788 537 837 operam,
570 781 646 829 ut,
675 772 714 819 si
745 773 910 819 minus
939 786 1130 827 omnes,
1159 771 1348 834 aliquos
1376 778 1544 820 tamen
1573 787 1628 819 ex
1657 771 1868 821 tribunis
1893 773 1966 822 rei
1992 789 2086 838 pu-

255 859 278 897 5
312 843 466 893 blicae
496 850 539 891 et
569 842 762 891 senatui
792 841 1120 890 conciliarent.
1173 842 1448 905 praeceptis
1475 842 1618 905 Appii
1645 843 1821 891 moniti
1846 850 2011 907 patres
2039 850 2087 892 et

312 913 530 963 universi
558 913 763 961 comiter
791 928 845 961 ac
866 912 1079 974 benigne
1101 911 1328 960 tribunos
1352 913 1612 976 appellare,
1635 920 1683 961 et
1704 914 2006 970 consulareS‚
2033 921 2089 962 ut

311 985 488 1048 cuique
509 999 679 1032 eorum
695 983 919 1046 privatim
943 983 1122 1047 aliquid
1140 982 1258 1030 iuris
1281 983 1512 1031 adversus
1530 983 1746 1045 singulos
1768 991 1886 1040 erat,
1910 985 2086 1048 partim

309 1055 460 1119 gratia
483 1054 658 1117 partini
678 1054 966 1102 auctoritate
988 1053 1264 1108 obtinuere,
1295 1060 1347 1101 ut
1368 1053 1661 1102 tribuniciae
1682 1055 1937 1118 potestatis
1961 1055 2088 1104 vires

254 1137 278 1175 6
310 1124 534 1174 salubres
551 1125 725 1173 vellent
739 1124 810 1173 rei
826 1124 1046 1188 publicae
1070 1140 1204 1183 esse,
1228 1131 1559 1188 quattuorque
1580 1125 1895 1174 tribunorum
1917 1125 2089 1174 adver-

312 1211 396 1244 sus
426 1211 582 1244 unum
611 1204 912 1244 moratorem
942 1195 1120 1258 publici
1158 1195 1407 1243 commodi
1448 1195 1623 1243 auxilio
1653 1195 1886 1244 dilectum
1908 1211 2090 1247 consu-

314 1267 383 1314 les
411 1267 608 1315 habent.

458 1337 576 1385 Inde
613 1338 671 1385 ad
712 1336 886 1385 Veiens
920 1335 1101 1384 bellum
1143 1335 1376 1398 profecti,
1420 1351 1518 1399 quo
1556 1336 1777 1400 undique
1815 1353 1870 1384 ex
1895 1336 2090 1385 Etruria

315 1408 488 1457 auxilia
517 1414 865 1458 convenerant,
894 1421 995 1454 non
1025 1414 1126 1454 tam
1157 1406 1437 1454 Veientium
1466 1407 1615 1469 gratia
1644 1408 1914 1465 concitata,
1942 1422 2087 1471 quam

316 1478 447 1543 quod
477 1479 525 1526 in
554 1494 692 1541 spem
722 1485 920 1526 ventum
960 1484 1063 1525 erat
1100 1477 1339 1524 discordia
1367 1477 1599 1525 intestina
1637 1478 1833 1526 dissolvi
1859 1493 1963 1526 rem
1990 1477 2091 1526 Ro-

259 1559 281 1598 s
315 1565 508 1597 manam
527 1565 686 1612 posse.
726 1548 1072 1612 principesque
1095 1547 1146 1594 in
1169 1547 1388 1595 omnium
1413 1547 1637 1597 Etruriae
1654 1550 1950 1612 populorum
1974 1562 2093 1597 con—

316 1620 434 1668 ciliis
462 1619 742 1668 fremebant
780 1628 1003 1667 aeternas
1044 1633 1162 1681 opes
1200 1633 1309 1666 esse
1345 1617 1614 1678 Romanas,
1650 1619 1746 1667 nisi
1781 1620 1911 1667 inter
1936 1625 2094 1668 semet

314 1691 408 1754 ipsi
436 1690 761 1739 seditionibus
790 1690 1019 1737 saeviant.
1058 1689 1105 1737 id
1135 1704 1289 1737 unum
1318 1704 1582 1745 venenum,
1613 1705 1717 1738 eam
1740 1689 1899 1738 labem
1926 1690 2095 1738 civita—

256 1773 280 1811 9
316 1761 448 1809 tibus
478 1761 727 1825 opulentis
755 1768 1017 1823 repertam,
1048 1767 1100 1808 ut
1127 1775 1301 1822 magna
1322 1759 1524 1823 imperia
1547 1761 1766 1808 mortalia
1790 1767 1969 1809 essent.
2011 1760 2095 1808 diu

316 1866 437 1900 sonst
457 1862 572 1899 mehr
602 1860 676 1899 mit
697 1861 830 1899 einem
853 1859 1069 1910 Subjecte,
1094 1858 1160 1907 24,

319 1917 383 1966 26,
421 1919 459 1966 5,
489 1917 573 1966 vgl.
604 1916 786 1956 succedit
824 1930 855 1955 c.
887 1918 955 1963 45,
980 1918 1017 1954 5.
1041 1917 1159 1953 —1‘11

313 1986 467 2027 praete,
497 1974 564 2012 l'iir
594 1974 660 2012 die
690 1973 1004 2024 gegeuxxfflfigc
1030 1971 1159 2021 Lage;

318 2032 368 2070 da
390 2029 490 2069 aber
521 2032 662 2084 priore
698 2043 821 2079 anteo,
845 2044 879 2068 c.
911 2031 980 2077 43,
1003 2029 1040 2075 4,
1064 2041 1161 2067 vor-

317 2087 506 2138 hergeht,
531 2100 575 2125 so
602 2087 794 2126 bedeutct
815 2099 876 2125 cs:
903 2086 942 2124 in
968 2086 1041 2124 der
1053 2084 1161 2124 'sliat

318 2155 433 2182 zwar
456 2157 534 2182 nur
556 2143 623 2181 fiir
646 2143 713 2182 die
737 2143 1028 2190 damaligen
1047 2173 1055 2188 ,
1089 2142 1160 2179 da-

317 2201 421 2239 mals
467 2200 806 2250 gegenw'zirtigen
848 2199 1160 2247 Vei-liiiltnissc,

318 2257 401 2307 vgl.
435 2257 501 2304 36,
532 2263 569 2306 5,
606 2259 647 2305 1;
682 2259 747 2296 45.
779 2258 845 2306 23,
883 2257 950 2294 17:
988 2259 1084 2294 tunc
1121 2257 1160 2293 ἰιι

313 2315 570 2367 praesentia.
607 2336 659 2340 ——
682 2312 868 2352 melioris
888 2326 944 2364 μ,
968 2312 1041 2351 der
1064 2312 1163 2350 Ari-

318 2371 551 2419 stom-atie,
580 2384 612 2409 s.
638 2370 747 2409 Einl.
785 2370 860 2408 22:
887 2371 952 2408 41.
977 2392 1029 2396 —-
1061 2369 1161 2407 bono

314 2440 371 2479 μ,
412 2441 445 2465 c.
492 2427 527 2472 l,
569 2428 592 2465 3
640 2450 692 2454 —
715 2426 772 2465 acl
805 2424 1019 2464 marilian:
1065 2431 1162 2474 etc,

316 2496 446 2533 gegen
486 2483 551 2521 die
593 2483 872 2531 uestinnnung
900 2483 972 2521 des
1009 2480 1164 2519 Tribu—

318 2546 450 2590 nates,
474 2553 504 2578 s.
533 2552 565 2577 c.
599 2541 672 2578 33;
697 2538 861 2578 ararim
888 2538 987 2577 latio
1015 2537 1162 2576 adver-

316 2609 389 2635 sus
410 2594 612 2634 consules.
639 2619 688 2623 —
712 2609 858 2644 unum,
886 2607 1003 2634 wenn
1028 2595 1167 2633 diesen·

318 2653 449 2691 durch
465 2652 578 2690 scine
597 2651 875 2690 lutei-cessim
900 2652 1165 2699 ‹lieAntriige

319 2710 395 2748 der
417 2709 588 2758 iibrigen
612 2708 825 2747 Tribuuen
850 2708 950 2747 oder
973 2708 1065 2745 eine
1084 2709 1166 2745 An-

317 2765 439 2815 klagc
463 2765 807 2816 ‹lex-Consulu-zu
831 2765 970 2803 nichte
993 2764 1169 2813 machte,

321 2834 355 2861 s.
379 2836 412 2860 c.
438 2822 507 2869 43,
528 2823 572 2863 4:
599 2824 665 2871 515,
689 2824 726 2860 4.

376 2880 471 2917 5-6.
504 2881 656 2931 prii-at.
695 2876 747 2915 αΙ.
787 2884 881 2926 etc„
919 2877 1065 2927 irgend
1100 2877 1165 2916 eiu

321 2934 451 2974 Recht
473 2934 511 2971 in
543 2935 1006 2973 l'rivatverhiiltnisscu
1023 2964 1032 2981 ,
1056 2940 1165 2973 etwa

318 2990 783 3038 Schuldvcrhiiltnisse3
824 2991 926 3028 oder
958 2991 997 3028 in
1025 2996 1164 3037 gutem

318 3047 444 3087 Sinne
468 3049 548 3085 wie
573 3049 609 3087 5.
633 3050 699 3094 31»,
724 3048 766 3085 4:
791 3046 991 3086 aeli-ersus
1012 3044 1164 3085 Homa—

318 3115 392 3142 πω·
411 3106 480 3142 ius
500 3106 728 3151 societale'sg
755 3108 791 3151 3,
815 3106 882 3151 33,
903 3104 939 3142 8.
962 3104 1162 3152 —oble'n.,

319 3160 392 3199 der
414 3158 562 3210 Ersolg
585 3160 688 3198 wird
714 3173 790 3198 nur
813 3161 887 3198 den
903 3160 1161 3198 Consului-en

317 3216 664 3267 zugeschrieben,
709 3216 901 3265 obglcich
947 3217 1051 3254 auch
1089 3217 1161 3254 das

1251 1857 1459 1912 appellare
1499 1859 1604 1897 dazu
1647 1858 1888 1898 mitwirken
1924 1865 2097 1910 musste,

1254 1928 1300 1953 so
1338 1916 1434 1953 dass
1478 1927 1566 1953 man
1611 1913 1854 1968 appellando
1906 1916 2009 1956 oder
2050 1928 2096 1956 eo

1254 1971 1361 2023 quod
1385 1970 1645 2024 appellabant
1675 1978 1887 2012 erwarten
1920 1972 2097 2023 kiinnte3

1254 2029 1354 2067 aber
1377 2029 1443 2067 die
1465 2027 1709 2079 Bedeutung
1744 2030 1817 2069 des
1848 2027 2096 2069 Gedankens

1256 2085 1310 2123 ist
1333 2085 1462 2123 durch
1484 2084 1549 2124 die
1573 2084 1698 2124 Forin
1721 2086 1793 2126 des
1818 2086 2097 2138 Hauptsatzes

1255 2142 1454 2191 gehoben.
1479 2165 1531 2169 —
1555 2144 1744 2181 auctorit.
1775 2145 1807 2191 1,
1833 2143 1870 2193 7,
1894 2142 1930 2182 8.
1956 2164 2008 2170 —
2029 2156 2100 2180 sa-

1254 2198 1406 2247 lubres,
1438 2212 1474 2235 n.
1499 2196 1566 2237 fiir
1588 2199 1655 2237 (lie
1676 2198 1981 2248 Aristokvatie,
2011 2197 2097 2238 Cic.

1255 2254 1365 2294 Sest.
1388 2254 1457 2304 43,
1495 2256 1585 2293 103.
1617 2277 1670 2281 —-
1699 2259 1951 2307 quatlnorq„
1980 2255 2099 2295 Dion.

1254 2314 1294 2361 9,
1334 2312 1378 2360 23
1421 2311 1492 2349 das
1533 2311 1623 2350 hds.
1659 2323 1840 2362 novemq.
1883 2310 1992 2350 kann
2031 2311 2098 2351 ein

1255 2367 1434 2406 lrrthum
1461 2367 1541 2415 Ls',
1579 2381 1610 2406 S.
1642 2367 1795 2418 jeduch
1827 2382 1861 2407 c.
1894 2367 1960 2417 58,
1995 2369 2036 2418 13
2060 2367 2100 2417 3,

1256 2424 1323 2473 30,
1362 2425 1399 2473 Τ,
1436 2423 1537 2462 oder
1577 2424 1651 2463 der
1682 2423 1967 2464 Absclireiber
1995 2424 2098 2464 sein.

1255 2504 1308 2508 —
1331 2484 1497 2529 moral„
1537 2480 1609 2519 der
1643 2480 1709 2519 die
1734 2481 1986 2530 :Xushebung
2018 2481 2098 2520 wie

1257 2550 1291 2576 c.
1328 2540 1394 2585 43,
1439 2540 1461 2573 3
1496 2551 1542 2575 zu
1568 2539 1799 2588 verzo'gern
1830 2538 1993 2588 suchte,
2028 2536 2100 2576 be-

1257 2593 1452 2633 zeichuet
1473 2593 1538 2632 die
1561 2593 1879 2643 Missbilligung
1900 2595 1973 2634 des
1994 2593 2100 2635 Ver-

1257 2650 1441 2689 fahrens.
1462 2673 1512 2677 -—
1526 2651 1683 2690 tribua.
1699 2676 1716 2680 -
1730 2663 1850 2700 alc-¹12,
1871 2650 1940 2690 die
1954 2649 2101 2691 wort-

1258 2707 1446 2757 stclluug
1469 2707 1548 2746 w1e
1572 2708 1640 2757 25,
1666 2708 1729 2755 18,
1754 2709 1791 2746 5.

1317 2764 1418 2802 7-3.
1454 2776 1543 2814 qno,
1583 2776 1657 2802 uus
1689 2763 1842 2803 Veiens
1874 2776 1924 2802 zu
1959 2761 2101 2802 erklii-

1258 2832 1347 2859 ren.
1378 2842 1431 2847 —
1459 2822 1654 2873 princip„
1683 2833 1716 2859 s.
1751 2823 1786 2868 1,
1825 2821 1891 2858 34.
1922 2841 1975 2847 -
1997 2831 2096 2858 eon-

1258 2876 1379 2923 ciliis,
1406 2877 1942 2925 Bundesversammlungen.
1962 2897 2016 2903 —
2030 2887 2100 2914 ae-

1260 2936 1404 2972 ternas
1443 2938 1538 2981 eta,
1579 2933 1644 2972 die
1675 2945 1806 2983 ganze
1842 2932 1955 2971 Rede
1983 2937 2101 2984 passt

1257 2990 1371 3028 mehr
1399 2988 1472 3027 auf
1490 2990 1657 3041 sp'zitere
1686 2989 1750 3027 als
1772 2989 1836 3027 die
1867 2987 2101 3038 damaligen

1258 3046 1565 3085 Verhiiltnisse.
1605 3067 1657 3072 —
1687 3047 1884 3095 meviam,
1927 3045 2009 3084 wie
2039 3042 2102 3083 ost

1244 3104 1396 3154 sut-or,
1428 3102 1493 3140 die
1532 3101 1658 3140 wilde
1689 3099 1995 3152 Leidenschaft,
2032 3101 2101 3140 die

1255 3173 1306 3197 zu
1331 3158 1566 3210 Empiirung
1587 3157 1758 3208 geneigt
1779 3157 1849 3196 ist.
1874 3157 1958 3197 Das
1973 3155 2101 3196 Prae-

1256 3228 1354 3254 sens
1375 3215 1575 3254 schliesst
1606 3214 1694 3253 sich
1723 3227 1773 3253 an
1795 3227 1887 3254 esse
1915 3225 1980 3264 an,
2016 3213 2099 3252 und
