2221 3537
923 249 1082 290 LIBER
1111 249 1179 292 111.
1238 250 1353 291 CAP.
1376 250 1445 291 22.
1466 250 1536 291 23.

1914 273 1947 297 a.
1973 274 2009 297 u.
2034 266 2113 299 295.

364 251 429 299 46

362 381 415 423 ut
439 375 616 438 pariter
641 382 688 424 et
707 376 825 425 socii
851 391 954 424 rem
984 377 1252 440 inciperent
1276 376 1605 442 referrentque
1624 378 1813 442 pedem,
1839 379 1882 428 si
1899 381 2112 444 receptui

362 446 628 494 cecinisset.
674 446 857 510 equites
894 447 1008 494 item
1047 462 1161 495 suae
1195 447 1366 510 cuique
1399 448 1522 510 parti
1560 456 1672 512 post
1696 448 1936 513 principia
1960 449 2110 498 collo·
2145 442 2158 453 ‘

302 527 322 563 7
362 521 449 564 cat.
511 516 572 564 ita
606 516 839 565 trifariam
877 517 1076 564 adortus
1113 523 1268 564 castra
1302 517 1636 577 circumvenit,
1671 525 1718 568 et
1751 534 1862 568 cum
1897 519 2111 584 undique

358 585 573 645 instaret,
599 601 698 635 non
722 587 1012 635 sustinentes
1040 587 1276 650 impetum
1304 586 1504 636 Volscos
1525 589 1642 637 vallo
1664 589 1898 638 deturbat.
1948 596 2111 638 trans-

359 670 557 719 gressus
592 657 702 704 inde
742 656 1034 704 munitiones
1061 656 1279 720 pavidam
1314 657 1504 706 turbam
1531 658 1900 723 inclinatamque
1924 659 1973 708 in
1999 674 2111 723 par-

298 737 321 777 8
360 733 455 774 tem
485 742 630 775 unam
661 726 827 774 castris
857 725 1058 788 expellit.
1111 727 1224 775 inde
1250 728 1399 777 effuse
1418 728 1657 791 fugientes
1678 744 1839 792 equeS‚
1867 729 1943 778 cui
1962 743 2109 793 supe-

356 811 461 845 rare
490 797 662 845 vallum
691 796 817 844 haud
852 795 991 844 facile
1019 796 1200 853 fuerat,
1229 813 1338 846 cum
1374 798 1430 846 ad
1458 799 1504 846 id
1535 805 1779 862 spectator
1804 813 1995 862 pugnae
2019 799 2108 848 ad·-

355 867 557 914 stitisset
578 906 588 922 ‚
623 866 772 914 libero
816 881 986 929 campo
1031 867 1234 930 adeptus
1269 874 1405 931 parte
1443 867 1668 916 victoriae
1700 868 1878 917 fruitur
1909 867 2106 918 territos

293 950 317 987 9
355 937 613 984 caedendo.
668 949 838 999 magna
866 942 911 983 et
931 937 980 983 in
1009 937 1179 985 castris
1207 943 1253 985 et
1272 944 1400 985 extra
1422 940 1721 987 munimenta
1742 938 1898 987 caedis
1918 938 2108 1002 fugien-

352 1007 471 1054 tium
498 1007 612 1059 fuit,
649 1007 730 1054 sed
760 1006 932 1070 praeda
962 1007 1144 1063 maior,
1172 1007 1280 1070 quia
1307 1008 1382 1056 vix
1409 1023 1541 1056 arma
1568 1023 1731 1057 secum
1757 1009 1926 1057 efferre
1949 1009 2106 1058 hostis

351 1076 523 1139 potuit.
553 1075 832 1139 deletusque
867 1076 1101 1125 exercitus
1137 1077 1287 1135 foret,
1327 1079 1376 1126 ni
1402 1077 1628 1141 fugientis
1656 1078 1798 1127 silvae
1822 1078 2072 1128 texissent.

490 1146 612 1194 Dum
650 1146 707 1193 ad
739 1146 933 1194 Antium
970 1147 1086 1195 haec
1121 1154 1375 1210 geruntur,
1409 1148 1603 1197 interim
1638 1148 1793 1213 Aequi
1830 1148 2008 1198 robore
2031 1149 2108 1198 iu-

349 1218 555 1265 ventutis
583 1218 854 1280 praemisso
884 1231 1042 1264 arcem
1070 1218 1393 1266 Tusculanam
1428 1218 1676 1282 inproviso
1708 1224 1851 1268 nocte
1884 1218 2104 1283 capiunt;

347 1287 531 1350 reliquo
583 1286 793 1335 exercitu
838 1287 962 1334 haud
1000 1289 1171 1350 procul
1209 1288 1465 1337 moenibus
1504 1288 1701 1338 Tusculi
1740 1288 2019 1347 considunt,
2052 1295 2106 1338 ut

287 1372 310 1411 2
349 1357 671 1405 distenderent
707 1357 918 1405 hostium
957 1357 1139 1419 copias.
1198 1359 1316 1407 haec
1350 1359 1566 1407 celeriter
1599 1359 1828 1417 Romam,
1863 1359 1921 1407 ab
1949 1358 2105 1408 Roma

350 1427 397 1474 in
443 1435 600 1475 castra
635 1428 832 1475 Antium
879 1427 1054 1489 perlata
1099 1435 1296 1476 movent
1322 1428 1571 1477 Romanos
1606 1430 1732 1477 haud
1769 1443 1932 1487 secuS‚
1959 1443 2104 1492 quam

247 1152 312 1201 23

346 1497 384 1545 si
416 1497 703 1560 Capitolium
743 1504 935 1559 captum
963 1498 1290 1546 nuntiaretur:
1329 1498 1445 1547 adeo
1474 1505 1521 1547 et
1546 1514 1715 1547 reeens
1742 1504 1844 1547 erat
1868 1498 2103 1548 Tuscula-

344 1582 522 1614 norum
551 1568 792 1624 meritum,
820 1574 864 1615 et
891 1567 1152 1615 similitudo
1181 1569 1285 1631 ipsa
1306 1568 1504 1631 periculi
1536 1583 1794 1633 reposcere
1823 1569 1986 1618 datum
2015 1584 2102 1617 au-

283 1652 304 1691 3
343 1636 505 1684 xilium
543 1637 805 1685 videbatur.
865 1636 1041 1684 Fabius
1079 1638 1276 1686 omissis
1313 1639 1539 1687 omnibus
1575 1640 1802 1703 praedam
1840 1655 1896 1687 ex
1931 1639 2100 1687 castris

343 1708 518 1770 raptim
559 1707 755 1755 Antium
795 1707 1039 1764 convehit3
1074 1707 1137 1754 ibi
1177 1708 1369 1755 modico
1419 1708 1658 1771 praesidio
1703 1709 1868 1757 relicto
1905 1708 2100 1757 citatum

342 1792 511 1840 agmen
537 1777 802 1825 Tusculum
831 1777 971 1840 rapit.
1018 1777 1135 1824 nihil
1161 1785 1354 1840 praeter
1380 1793 1509 1825 arma
1538 1785 1584 1826 et
1610 1779 1737 1842 quod
1767 1778 1890 1827 cocti
1915 1778 1972 1826 ad
1993 1793 2101 1827 ma-

342 1862 460 1896 num
503 1847 594 1896 fuit
628 1847 718 1896 cibi
756 1847 880 1895 ferre
917 1847 1052 1894 militi
1087 1847 1243 1905 licuit3
1283 1854 1608 1896 commeatum
1645 1848 1702 1896 ab
1741 1848 1894 1897 Roma
1929 1847 2099 1897 consul

336 1989 516 2042 pariter,
539 1986 843 2035 gleichm'assig,
867 1986 956 2024 hier
979 1986 1014 2024 in
1037 1985 1173 2036 Bezug

335 2042 409 2082 auf
427 2044 491 2082 die
515 2042 622 2091 Zeit,
653 2043 693 2092 6,
723 2042 761 2091 8,
793 2041 839 2080 2:
876 2043 939 2090 10,
963 2042 1001 2090 5,
1027 2042 1046 2079 7
1072 2056 1112 2080 u.
1133 2054 1171 2083 a.

334 2123 384 2129 —-
410 2113 513 2139 suae
533 2100 683 2150 cuique
701 2112 762 2152 p.‚
794 2110 882 2136 man
914 2098 1038 2136 sollte
1069 2111 1172 2137 suos

334 2158 480 2208 cuique
508 2157 622 2209 parti
650 2160 880 2201 erwarten3
911 2154 1035 2192 allein
1064 2167 1171 2193 suus

333 2212 528 2251 schliesst
550 2212 634 2250 sich
660 2212 695 2248 in
721 2211 794 2248 den
815 2222 920 2248 cass,
941 2210 1038 2248 obll.
1058 2211 1171 2249 nicht

333 2269 474 2307 iinmer
501 2280 549 2306 an
582 2268 645 2306 die
673 2267 958 2315 Bezeichnung
989 2267 1060 2304 des
1085 2265 1170 2305 Ge-

331 2325 583 2374 genstandes
620 2336 689 2374 an,
728 2323 909 2361 welclier
946 2336 995 2360 zu
1033 2323 1166 2360 einem

330 2381 484 2419 andern
506 2382 664 2430 gelib'rt,
689 2380 865 2417 sondern
885 2378 1098 2417 bisweilen
1116 2391 1165 2416 an

331 2438 395 2475 die
418 2436 681 2486 desjenigen,
713 2436 801 2473 dem
820 2435 945 2484 jener
965 2436 1168 2483 angelio'rt

331 2493 431 2530 oder
447 2492 674 2538 zugetheilt
692 2492 808 2538 wird,
829 2504 892 2529 um
911 2491 982 2528 das
996 2490 1168 2528 Zusam-

330 2549 606 2597 mengebiiren
638 2548 710 2584 der
741 2546 967 2585 Einzelnen
998 2547 1071 2584 mit
1092 2547 1167 2584 der

324 2604 529 2654 jedesmal
585 2602 866 2641 betrell'enden
917 2602 1166 2651 Abtheilung

330 2661 430 2698 oder
453 2659 596 2698 Classe
628 2658 794 2696 starker
824 2671 874 2695 zu
899 2657 1162 2707 bezeichnen,

330 2728 362 2755 s.
388 2716 462 2763 24,
494 2715 539 2762 3,
568 2714 808 2763 5ς25,17,
840 2715 1001 2767 ὄροιηη
1026 2716 1163 2767 tripa-

329 2772 411 2811 diis
432 2772 714 2824 Hispanorum
736 2770 999 2821 motibusque
1020 2783 1162 2809 armo-

329 2841 423 2868 rnm
445 2851 472 2856 -
502 2841 605 2866 suae
634 2830 780 2877 cuique
805 2829 927 2877 genii
947 2826 1159 2874 adsuelz's3

329 2883 412 2923 Cic.
430 2884 529 2924 Acd.
555 2882 591 2933 2,
615 2883 648 2932 7,
672 2883 741 2922 19ι
767 2885 883 2921 Caes.
905 2883 944 2921 B.
964 2881 1006 2921 C.
1029 2882 1062 2933 1,
1087 2882 1160 2920 53:

327 2944 368 2980 el
396 2953 550 2980 rursus
578 2939 685 2977 aliae
717 2940 953 2987 (cohortes)
989 2938 1160 2978 totidem

327 3010 430 3036 suae
473 2998 671 3047 cuiusque
713 2996 892 3045 legionis
936 2997 1161 3046 subseque-

327 3054 496 3104 bantur,
518 3065 556 3091 u.
580 3064 616 3090 a.
657 3051 736 3090 wo
761 3051 879 3089 keine
896 3049 1040 3089 Classe
1059 3052 1161 3089 oder

329 3109 513 3157 Gauung
548 3113 727 3158 genannt
762 3108 880 3156 wird,
918 3107 1009 3145 tritt
1044 3108 1157 3145 diese

329 3166 561 3204 Atti-action
594 3165 705 3203 nicht
735 3164 824 3212 ein,
855 3176 888 3202 s.
923 3164 964 3212 1,
1004 3162 1074 3211 52,
1107 3163 1156 3210 4;

330 3221 367 3268 2,
392 3221 458 3269 32,
481 3221 527 3262 9:
553 3220 590 3270 3,
612 3220 678 3269 36,
703 3220 741 3258 3.
780 3219 1057 3258 Verschieden
1078 3232 1155 3256 von

327 3277 545 3316 derselben
576 3277 667 3316 sind
703 3276 805 3316 auch
836 3274 1155 3324 Verbindungen

1263 1986 1341 2025 wie
1365 1984 1439 2036 33,
1468 1985 1544 2036 46,
1574 1986 1618 2026 9:
1641 1999 1720 2026 suo
1742 1999 1906 2039 qaoque
1923 1999 2034 2027 anno
2055 2000 2098 2027 u.

1262 2054 1299 2081 a.
1320 2064 1374 2070 —
1395 2044 1574 2097 princip.
1598 2060 1625 2075 =
1644 2046 1786 2097 prima
1801 2045 1940 2092 acies„
1969 2042 2006 2095 2,
2028 2042 2097 2094 65,

1264 2098 1310 2137 2:
1337 2098 1474 2148 Lange
1501 2099 1535 2148 1,
1558 2097 1653 2138 391.

1320 2154 1430 2193 8-9.
1467 2156 1536 2194 cui
1564 2156 1773 2208 —suerat
1806 2155 1863 2194 ist
1890 2155 1992 2194 nach
2021 2155 2096 2194 der

1262 2211 1464 2260 Analogie
1485 2223 1565 2250 von
1585 2215 1786 2265 potuerat
1806 2223 1884 2250 von
1902 2222 1979 2250 uns
1995 2223 2095 2250 con-

1261 2266 1433 2305 ditional
1456 2280 1506 2305 zu
1529 2269 1722 2315 uelamen,
1753 2268 1802 2306 da
1824 2267 1890 2307 die
1912 2265 2094 2306 Reiterei

1259 2323 1360 2361 nach
1384 2323 1472 2361 dem
1492 2322 1610 2373 Folg.
1634 2324 1745 2362 nicht
1767 2324 1806 2362 in
1829 2325 1902 2362 das
1920 2321 2096 2363 Gefeclit

1258 2378 1498 2426 gekommen
1541 2379 1609 2417 ist.
1649 2400 1705 2407 -—
1739 2379 1796 2418 ad
1828 2379 1873 2418 id
1904 2391 1984 2417 von
2019 2379 2095 2418 der

1259 2433 1376 2480 Zeu,
1401 2435 1445 2482 9,
1473 2434 1541 2482 15,
1576 2434 1591 2472 1
1619 2447 1658 2472 u.
1681 2446 1718 2473 a.
1738 2457 1795 2463 —
1815 2434 1943 2474 libero
1963 2445 1999 2473 c.
2023 2433 2090 2485 23,

1257 2491 1332 2539 47,
1362 2490 1406 2528 4:
1442 2490 1568 2529 libero
1605 2492 1759 2543 spatio.
1796 2512 1851 2519 —
1879 2492 2089 2538 victoriae,

1258 2545 1374 2584 Dion.
1404 2546 1593 2585 erw'zibnt
1622 2546 1847 2585 denselben
1879 2547 1989 2586 nicht
2016 2546 2090 2586 be-

1257 2603 1431 2652 stimmt,
1464 2615 1495 2641 s.
1520 2615 1554 2641 c.
1579 2601 1653 2650 23,
1687 2603 1726 2641 7.
1748 2624 1800 2632 —-
1824 2605 1914 2642 ni:
1934 2604 2089 2652 sinon,

1258 2659 1293 2705 l,
1318 2657 1383 2704 22,
1407 2658 1454 2697 6:
1479 2657 1546 2706 23,
1569 2657 1637 2707 43,
1660 2657 1700 2697 2.

1312 2706 1398 2753 23.
1434 2714 1539 2753 1-3.
1569 2713 1682 2766 reliq.
1708 2728 1799 2763 ex„
1829 2726 1862 2754 ε.
1886 2714 1925 2764 5,
1948 2713 2015 2765 53,
2037 2713 2085 2762 63

1254 2769 1301 2808 Z.
1325 2771 1350 2821 ξ
1373 2769 1475 2818 473,
1500 2771 1682 2821 dagegen
1705 2770 1772 2817 44,
1797 2770 1864 2819 29,
1893 2769 2086 2822 Gzsama

1252 2839 1346 2864 eam
1381 2839 1538 2878 magno
1572 2839 1749 2866 numero
1776 2825 2086 2865 advenientium

1255 2881 1479 2934 Gallorum,
1504 2882 1542 2933 8,
1565 2882 1632 2931 37,
1656 2882 1694 2921 9.
1715 2904 1771 2910 -
1792 2883 1999 2931 omnibus,
2019 2881 2084 2921 al-

1252 2939 1313 2977 les
1337 2939 1524 2988 Andere,
1550 2938 1592 2988 1,
1614 2937 1688 2988 53,
1715 2938 1749 2976 1.
1771 2959 1827 2966 —-
1847 2940 1982 2991 rapit,
2013 2936 2080 2988 23,

1250 2994 1321 3041 36,
1354 2995 1395 3033 3:
1427 2997 1602 3034 citatum
1628 3007 1782 3046 agmen
1807 2997 1982 3047 praeter
2003 2993 2082 3033 Ca-

1246 3064 1374 3103 puam
1393 3053 1527 3104 rapit:
1550 3050 1588 3100 2,
1612 3049 1678 3100 20,
1703 3050 1740 3089 7.
1757 3072 1812 3079 —-
1828 3051 1974 3090 cocti-
1989 3050 2081 3098 cibi,

1249 3107 1326 3145 wie
1349 3120 1383 3145 c.
1407 3107 1474 3157 27,
1503 3106 1547 3145 3:
1571 3107 1740 3145 cibam'is
1765 3129 1793 3134 -
1816 3108 1964 3145 coctis:
1996 3103 2080 3144 Ge-

1248 3163 1468 3212 backenes,
1489 3163 1590 3201 Brod
1605 3175 1615 3209 ς
1633 3162 1888 3212 gewiihnlich
1908 3161 2079 3200 nahmen

1250 3220 1315 3257 die
1339 3219 1535 3258 Soldaten
1559 3219 1676 3257 einen
1696 3217 1877 3258 Vorrath
1899 3229 1979 3258 von
1998 3215 2081 3256 Ge-

1251 3275 1382 3314 treide
1404 3275 1490 3314 mit.
