2221 3537
2220 222 2221 241 l

372 310 473 359 324
991 305 1151 346 Lmen
1172 304 1223 345 V.
1274 304 1390 345 cAP.
1415 304 1483 345 32.
1912 325 1946 347 ι.
1972 325 2008 348 u.
2034 317 2113 349 363.
2220 249 2221 334 l

264 436 333 486 32
509 433 606 482 Kal.
630 432 953 492 Quinctilibus
974 433 1308 496 magistratum
1330 447 1559 495 occepere
1577 432 1631 481 L.
1652 431 1903 481 Lucretius
1925 431 2121 481 Servius

371 504 610 567 Sulpicius
645 504 706 552 Μ.
742 503 974 552 Aemilius
1010 504 1061 551 L.
1097 502 1271 552 Furius
1303 502 1589 551 Medullinus
1624 502 1887 566 septimum
1913 502 2123 566 Agrippa

307 584 332 623 2
368 575 543 623 Furius
573 574 621 622 C.
649 574 877 623 Aemilius
905 575 1094 622 iterum.
1141 589 1198 621 ex
1223 571 1298 620 his
1324 572 1376 620 L.
1405 573 1625 622 Lucretio
1653 579 1700 621 et
1718 571 1766 621 C.
1788 571 1988 620 Aemilio
2009 571 2124 620 Vol-

369 644 596 693 siniensis
624 645 870 708 provincia
897 644 1069 702 evenit,
1099 642 1366 706 Salpinates
1388 643 1626 707 Agrippae
1644 642 1790 692 Furio
1818 649 1865 691 et
1884 642 1989 691 Ser.
2011 641 2124 690 Sul-

308 722 331 761 3
370 715 513 778 picio.
565 715 700 778 prius
730 730 840 764 cum
866 713 1252 762 Volsiniensibus
1281 720 1548 777 pugnatum
1575 718 1663 761 est.
1712 712 1890 761 bellum
1916 726 2122 761 numero

367 785 586 833 hostium
621 785 812 848 ingenS,
853 783 1112 832 certamine
1147 782 1274 831 haud
1309 798 1423 832 sane
1457 798 1683 846 asperum
1717 781 1820 830 suit.
1868 781 1978 831 fusa
2003 795 2125 830 con-

370 870 517 904 cursu
551 855 709 918 primo
745 855 890 912 acies,
926 854 974 900 in
1009 853 1121 914 fuga
1156 853 1284 900 milia
1321 859 1430 901 octo
1471 858 1769 900 armatorum
1797 851 1855 900 ab
1883 850 2123 916 equitibus

307 935 332 974 4
369 925 630 973 interclusa
663 924 835 987 positis
863 923 1009 972 armis
1037 923 1086 970 in
1113 922 1407 970 deditionem
1437 928 1684 971 venerunt.
1735 922 1837 970 eius
1864 921 1974 970 belli
1997 920 2126 970 fama

369 995 547 1049 effecit,
577 1008 638 1041 ne
666 1010 717 1041 se
745 1008 932 1057 pugnae
960 992 1317 1041 committerent
1343 991 1637 1056 Salpinates,
1672 991 1928 1040 moenibus
1955 990 2126 1040 armati

368 1079 421 1112 se
454 1063 748 1112 tutabantur.
800 1063 1006 1111 Romani
1042 1063 1244 1126 praedas
1281 1062 1466 1126 passim
1501 1068 1548 1111 et
1580 1078 1636 1111 ex
1663 1061 1893 1126 Salpinati
1928 1076 2043 1125 agro
2079 1067 2126 1110 et

308 1145 331 1183 5
369 1150 425 1182 ex
450 1133 740 1182 Volsiniensi
774 1134 903 1182 nullo
941 1149 1045 1181 eam
1071 1133 1166 1180 vim
1192 1139 1384 1181 arcente
1410 1138 1631 1196 egerunt,
1669 1133 1826 1181 donec
1848 1131 2125 1180 Volsinien-

369 1204 503 1253 sibus
530 1203 674 1251 fessis
702 1204 821 1252 bello
851 1220 903 1252 ea
926 1203 1225 1261 condicione,
1251 1209 1304 1251 ut
1324 1219 1400 1251 res
1422 1203 1604 1266 populo
1627 1202 1850 1251 Romano
1871 1201 2126 1250 redderent

369 1274 764 1337 stipendiumque
799 1274 902 1322 eius
937 1274 1051 1323 anni
1085 1273 1312 1322 exercitui
1337 1278 1665 1337 praestarent,
1702 1273 1752 1321 in
1777 1271 1943 1335 viginti
1968 1285 2124 1321 annos

369 1344 583 1393 indutiae
611 1344 761 1392 datae.

310 1422 335 1461 6
510 1414 695 1462 Eodem
729 1428 855 1461 anno
884 1414 941 1461 M.
972 1412 1220 1461 Caedicius
1256 1412 1313 1460 de
1339 1411 1478 1475 plebe
1506 1411 1744 1461 nuntiavit
1767 1410 1975 1459 tribunis
2001 1425 2054 1460 se
2078 1411 2128 1458 in

369 1499 493 1532 nova
520 1484 605 1539 via,
634 1483 713 1531 ubi
743 1497 872 1530 nunc
900 1482 1128 1531 sacellum
1157 1488 1244 1537 est,
1274 1497 1421 1544 supra
1453 1481 1618 1530 aedem
1641 1481 1808 1529 Vestae
1835 1496 2004 1530 vocem
2033 1494 2129 1529 no-

371 1555 459 1603 ctis
493 1553 682 1601 silentio
722 1553 913 1600 audisse
943 1552 1196 1600 clariorem
1222 1552 1460 1612 humana,
1499 1567 1620 1614 quae
1647 1550 2007 1614 magistratibus
2036 1550 2129 1600 dici

311 1635 332 1673 7
369 1623 554 1672 iuberet
575 1623 733 1671 Gallos
763 1622 1031 1671 adventare.
1075 1621 1138 1679 id,
1167 1627 1220 1670 ut
1246 1621 1312 1679 fit,
1341 1627 1542 1685 propter
1569 1621 1778 1670 auctoris
1806 1620 2128 1670 humilitatem

368 1701 612 1757 spretum,
652 1699 699 1741 et
733 1693 863 1756 quod
897 1692 1163 1755 longinqua
1200 1707 1354 1755 eoque
1391 1691 1606 1754 ignotior
1641 1707 1759 1755 gens
1796 1696 1914 1740 erat.
1971 1705 2128 1755 neque

370 1764 573 1812 deorum
601 1763 749 1811 modo
778 1763 963 1811 monita
988 1763 1242 1825 ingruente
1267 1762 1364 1810 fato
1393 1768 1576 1825 spreta,
1605 1762 1688 1810 sed
1714 1762 1976 1810 humanam
2002 1776 2128 1825 quo-

310 1845 334 1885 8
370 1850 462 1898 que
490 1849 656 1898 opem,
684 1849 804 1896 quae
832 1848 926 1882 una
953 1841 1067 1890 erat,
1093 1833 1152 1881 M.
1181 1832 1383 1881 Furium
1410 1832 1467 1881 ab
1495 1832 1614 1880 urbe
1640 1846 1878 1881 amovere.
1930 1830 2026 1894 qui,
2051 1830 2128 1880 die

430 1965 516 2013 32.
552 1973 617 2012 1-
635 1974 671 2011 5.
703 1972 790 2011 Hal.
819 1972 977 2022 omni„
1009 1972 1084 2011 der
1107 1972 1209 2011 nach
1299 1971 1452 2011 millus.
1476 1970 1592 2010 Dion.
1618 1970 1681 2021 13,
1700 1971 1747 2020 53
1767 1970 1875 2010 Plut.
1888 1969 1998 2010 Cam.
2021 1967 2127 2018 12f.;

373 2043 408 2070 c.
433 2030 471 2080 9,
499 2030 540 2077 1,
564 2029 646 2079 vgl.
670 2042 704 2067 c.
733 2028 796 2076 18,
828 2030 866 2078 6,
890 2026 1104 2067 verfriihte
1129 2028 1209 2067 Be-
1299 2029 1348 2067 de
1378 2025 1474 2066 fort.
1508 2026 1619 2066 Rom.
1656 2026 1729 2075 123
1767 2027 1841 2067 Dio
1873 2025 1988 2066 Cass.
2022 2023 2129 2076 frag.

374 2087 472 2136 ginn
506 2086 578 2124 des
602 2084 862 2134 Amtsjabres
889 2085 963 2132 ist,
1000 2097 1119 2122 wenn
1144 2083 1206 2132 L.,
1299 2083 1372 2131 24,
1397 2084 1466 2122 4-
1483 2083 1529 2131 63
1552 2083 1623 2123 lib.
1647 2083 1721 2131 52,
1749 2082 1820 2132 133
1845 2082 1950 2122 Zon.
1974 2082 2019 2130 7,
2050 2081 2129 2131 233

373 2143 452 2181 wie
484 2154 528 2181 es
557 2141 900 2179 walirscbeinlicb
931 2141 1003 2188 ist,
1037 2140 1208 2190 juliani-
1298 2140 1413 2179 Diod.
1443 2139 1505 2189 14,
1532 2139 1629 2188 1173
1654 2140 1757 2192 App.
1781 2137 1873 2179 Ital.
1895 2139 1934 2178 8.

375 2199 472 2237 sche
496 2196 661 2236 Monate
685 2197 824 2246 denkt,
857 2197 968 2235 nicht
989 2197 1116 2235 durch
1140 2197 1204 2235 die

375 2268 410 2294 c.
448 2253 522 2304 31,
561 2253 636 2291 5ff.
675 2253 981 2302 geschilderten
1014 2252 1208 2292 Verhiilt-

377 2310 488 2349 nisse
511 2309 768 2358 veranlasst,
796 2310 846 2348 da
869 2309 933 2347 die
954 2311 1077 2347 nimii
1097 2309 1207 2348 calo-

376 2380 444 2406 res
466 2366 565 2404 eber
594 2366 710 2405 einen
734 2366 927 2417 spateren
952 2364 1117 2404 Termin
1142 2378 1208 2403 er-

375 2427 536 2461 warten
560 2421 736 2468 liessen‚
760 2434 792 2460 s.
818 2421 860 2470 3,
887 2420 932 2471 6,
956 2420 999 2473 2,
1028 2422 1206 2460 sondern

374 2478 610 2526 vielleicbt‚
646 2477 741 2515 weil
763 2490 808 2516 es
839 2475 1084 2519 iiberliefert
1106 2490 1206 2524 war,

375 2535 471 2572 dass
500 2534 565 2572 die
590 2532 837 2582 Niederlage
866 2546 916 2572 an
946 2534 1020 2572 der
1042 2534 1135 2572 Alia
1168 2534 1206 2571 in

375 2590 415 2628 in
440 2590 513 2627 der
536 2588 654 2627 Mitte
688 2590 759 2627 des
782 2589 862 2627 suli
896 2589 1207 2638 stattgesunden

375 2645 499 2693 habe,
524 2656 557 2682 s.
581 2645 618 2691 6,
646 2646 679 2692 1,
708 2644 779 2691 12,
802 2646 903 2682 auch
927 2643 993 2682 fiir
1015 2647 1087 2683 das
1111 2658 1208 2682 vor·
1421 2672 1435 2685 ,
1821 2673 1829 2681 .
1933 2673 1941 2681 .

378 2700 637 2751 hergebende
659 2700 758 2737 Jabr
781 2712 1074 2748 angenoinmen
1099 2713 1208 2738 wor-
1299 2686 1361 2712 ³¹¹¹
1404 2672 1426 2711 ¹⁴
1444 2685 1537 2712 usse
1585 2673 1657 2712 des
1699 2672 1874 2712 Palatm’
1913 2672 2132 2739 hfgenqen

377 2757 474 2808 den,
498 2757 598 2794 nach
621 2756 669 2794 A.
694 2754 939 2805 Mommsen,
969 2769 1001 2794 s.
1026 2755 1143 2795 Nieb.
1170 2755 1208 2804 2,
1301 2728 1471 2781 Tempel
1503 2742 1580 2768 νοῦ
1611 2729 1701 2768 dem
1731 2742 1780 2768 ³¹¹
1810 2729 1885 2768 der
1906 2728 2021 2768 ΗΘΜ
2043 2729 2131 2768 ⁸¹⁰h

379 2813 483 2861 5543
517 2810 740 2850 Mommsen
774 2811 922 2850 Chron-
954 2811 1019 2850 99·
1042 2834 1095 2840 —
1121 2812 1209 2851 [Λι-
1301 2786 1597 2849 hinziehenden
1621 2784 1749 2824 Haine
1773 2784 1933 2849 scbied,
1969 2784 2131 2825 (lienus

1302 2842 1454 2880 diesem
1468 2841 1753 2881 erschallende
1766 2841 1958 2890 Stimme5
1977 2839 2132 2880 Becker

1354 2225 1449 2264 6-7.
1471 2224 1704 2275 Caedicius,
1719 2237 1752 2263 c.
1765 2222 1850 2264 45f.
1862 2236 2034 2264 —nova
2047 2224 2130 2274 via,

1302 2282 1344 2332 1,
1375 2282 1438 2333 41,
1459 2281 1499 2321 4.
1521 2305 1575 2310 —
1596 2280 1815 2328 sacellum,
1838 2281 1910 2320 das
1933 2280 2005 2319 des
2026 2279 2130 2320 Aius

1299 2337 1510 2387 Locutius,
1531 2351 1565 2376 c.
1585 2337 1719 2376 50.—
1733 2334 1875 2389 Supra
1890 2349 1929 2375 a.
1948 2334 2022 2386 V„
2045 2334 2131 2375 Cic.

1299 2394 1392 2433 Div.
1421 2394 1465 2444 1,
1496 2393 1569 2432 45:
1601 2406 1684 2432 non
1712 2392 1844 2432 multo
1866 2395 1964 2431 auto
1984 2393 2132 2432 urbem

1300 2453 1468 2504 captam
1487 2448 1690 2488 eoeaudita
1710 2461 1796 2488 vox
1812 2451 1875 2488 est
1897 2461 1923 2487 a
1937 2447 2029 2488 luco
2040 2447 2086 2489 V
2087 2461 2131 2487 e-

1299 2509 1410 2554 stae,
1441 2507 1513 2557 qui
1529 2518 1555 2543 α
1577 2503 1735 2543 Palatii
1759 2503 1971 2544 radicibus
1990 2505 2033 2543 in
2053 2517 2131 2544 no-

1299 2575 1391 2601 vam
1428 2563 1537 2600 riam
1567 2560 1750 2600 det-exus
1787 2564 1863 2600 est.
1914 2559 2130 2600 Caedicius

1301 2618 1396 2656 ho'rt
1418 2615 1492 2655 auf
1507 2618 1582 2656 der
1613 2629 1717 2655 nova
1740 2617 1827 2666 via,
1863 2616 2022 2656 welche
2052 2615 2130 2655 den

378 2871 476 2908 eret.
500 2866 579 2907 Sul
611 2900 642 2916 .,
680 2880 716 2906 c.
748 2867 815 2906 29.
858 2868 1008 2906 Aemil.
1069 2869 1105 2906 in
1131 2869 1207 2907 den

379 2924 534 2964 Fasten
560 2881 605 2963 ΔΡ
631 2923 858 2973 Aemilius,
881 2936 913 2962 s.
940 2937 989 2961 zu
1015 2899 1058 2975 (⁷5,
1083 2923 1145 2974 22,
1174 2925 1208 2963 1.
1306 2898 1345 2963 1'.
1364 2895 1482 2938 244f’
1506 2920 1560 2926 -
1581 2900 1630 2937 “t
1646 2898 1718 2950 μ’
1750 2897 1789 2948 9’
1815 2896 1881 2944 22’
1906 2897 1944 2936 7·
1964 2918 2021 2960 .—
2039 2909 2131 2961 7130-

382 2979 425 3019 L.
446 2980 618 3026 Furius,
639 2980 680 3018 C.
700 2980 863 3030 Aemil„
880 2993 913 3019 c.
927 2979 993 3027 26,
1013 2982 1210 3033 Aprippa
1299 2958 1403 3018 ''fta'
1427 2967 1471 3018 ε’.
1486 2952 1552 3002 37'
1579 2953 1680 2992 ¹⁰—
1697 2966 1801 3016 qufw
1822 2966 1864 2993 u·
1882 2966 1932 3003 δ”
1954 2953 2019 2991 ‘³¹⁶
2042 2964 2130 2991 ‘³¹¹¹’

379 3036 536 3076 Furius
559 3036 751 3085 (Fusnsv,
776 3036 858 3085 vgl.
879 3034 917 3085 3,
941 3036 1008 3074 66.
1025 3058 1079 3063 —
1104 3037 1210 3076 Val-
1301 3023 1410 3060 Z¹ge'
1435 3010 1498 3049 dm
1520 3022 1564 3048 es
1587 3008 1686 3061 gab'
1720 3008 1850 3048 mmet
1868 3009 1947 3048 den
1971 3007 2129 3049 ueher-

378 3094 473 3142 sin„
493 3105 557 3130 um
576 3092 905 3142 abzuwechseln,
925 3092 998 3130 der
1013 3094 1210 3139 gewohu·
1300 3079 1521 3161 {ffggffzum
1543 3065 1803 3115 Folgenden3
1828 3063 2069 3115 sehwegler
2091 3063 2129 3115 3’

379 3149 484 3187 liche
510 3149 726 3187 ,Ausdruek
767 3149 878 3187 w'aire
908 3147 1209 3196 Volsinienses,
1338 3137 1346 3160 ¹
1426 3154 1434 3162 '

378 3204 456 3242 wic
480 3204 661 3254 sogleich
685 3203 934 3259 Salpinates,
957 3227 1003 3232 —
1029 3206 1208 3258 slipend.
1359 3203 1395 3242 8.
1445 3202 1514 3243 die
1550 3202 1588 3241 d.
1649 3201 1722 3240 Die
1751 3200 1941 3252 Anklage
1976 3201 2130 3242 konnte

380 3261 459 3298 wie
483 3273 517 3299 c.
540 3260 606 3309 27,
636 3262 696 3299 15.
1301 3260 1388 3298 sich
1412 3259 1524 3298 nicht
1543 3255 1617 3297 auf
1637 3263 1767 3297 etwas
1788 3257 2006 3308 beziehen,
2042 3269 2130 3297 was

437 3307 531 3367 32,
564 3315 672 3356 6-9.
697 3316 1021 3368 Verurtheilung
1042 3318 1114 3357 des
1133 3317 1211 3357 Ca·
1301 3315 1411 3355 Cam.
1433 3315 1474 3354 in
1496 3314 1634 3354 seiner
1653 3311 1922 3365 Eigensehaft
1948 3313 2013 3355 als
2033 3313 2130 3354 Dic-
