2221 3537
149 310 184 336 ι.
210 300 279 335 Ch.
303 300 382 335 461.
407 299 486 332 463.

798 283 958 326 LIBER
990 283 1057 326 111.
1119 283 1238 326 CAP.
1263 286 1302 327 6.
1866 290 1927 339 13

148 434 206 469 ea
226 414 450 469 conluvio
471 413 735 463 mixtorum
756 414 917 463 omnis
937 412 1127 477 generis
1148 413 1467 462 animantium
1489 423 1535 463 et
1555 416 1706 465 odore
1725 416 1926 468 insolito
1965 427 1989 467 3

149 490 365 541 urbanos
391 490 438 534 et
461 491 700 548 agrestem
730 485 1006 533 confertum
1034 483 1082 532 in
1109 491 1209 532 arta
1237 490 1360 532 tecta
1388 493 1524 533 aestu
1553 502 1607 534 ac
1634 488 1804 550 vigiliis
1837 503 1927 539 an-

149 559 309 625 gebat,
335 555 698 619 ministeriaque
725 556 775 604 in
804 556 955 604 vicem
978 570 1034 603 ac
1054 555 1278 617 contagio
1300 555 1406 618 ipsa
1429 555 1687 618 volgabant
1707 559 1926 608 morbos,

147 629 226 680 vix
249 628 488 678 instantes
517 626 872 675 sustinentibus
901 625 1062 674 clades
1094 633 1297 690 repente
1326 626 1465 689 legati
1490 627 1682 676 llernici
1703 630 1929 679 nuntiant
1963 642 1990 682 4

148 700 201 750 in
221 713 336 764 agro
364 712 454 747 suo
477 698 676 761 Aequos
699 696 1004 761 Volscosque
1025 697 1295 745 coniunctis
1319 697 1472 761 copiis
1496 704 1651 746 castra
1675 701 1926 762 posuisse,

147 769 262 821 inde
294 769 506 819 exercitu
540 767 722 831 ingenti
758 770 879 817 lines
917 784 1034 817 suos
1071 767 1373 832 depopulari.
1426 776 1765 834 praeterquam
1794 772 1926 834 quod
1964 786 1987 824 5

148 840 433 906 infrequens
468 846 664 889 senatus
701 838 881 889 indicio
917 845 1019 888 erat
1055 838 1203 887 sociis
1238 838 1479 888 adflictam
1502 840 1744 889 civitatem
1774 841 1929 904 pesti-

147 911 295 964 lentia
321 926 445 968 esse,
473 917 713 960 maestum
741 912 884 959 etiam
912 924 1209 974 responsum
1239 910 1403 966 tulere,
1432 917 1486 959 ut
1508 926 1594 975 per
1615 926 1668 960 se
1689 911 1782 976 ipsi
1805 912 1926 961 Her-

145 982 243 1034 nici
279 997 390 1032 cum
426 982 607 1031 Latinis
644 997 722 1030 res
757 997 870 1031 suas
906 988 1204 1031 tutarentur:
1250 981 1420 1030 urbem
1457 981 1732 1032 Romanam
1768 983 1927 1033 subita

148 1054 293 1104 deum
321 1053 390 1102 ira
417 1052 592 1101 morbo
622 1052 871 1117 populari;
898 1053 937 1101 si
967 1068 1060 1117 qua
1088 1052 1192 1101 eius
1221 1053 1331 1101 mali
1360 1053 1496 1116 quies
1521 1054 1694 1111 veniat,
1723 1061 1778 1103 ut
1797 1070 1927 1103 anno

147 1130 286 1184 ante,
323 1131 377 1174 ut
410 1139 606 1188 semper
639 1125 753 1173 alias
782 1124 929 1173 sociis
958 1139 1104 1188 opem
1130 1123 1332 1173 laturos.
1385 1123 1658 1173 discessere
1686 1124 1806 1174 socii
1834 1140 1923 1190 pro
1963 1138 1987 1178 6

144 1195 272 1246 tristi
298 1195 471 1245 nuntio
501 1194 768 1244 tristiorem
797 1195 1000 1244 domum
1028 1193 1315 1253 referenteS,
1344 1195 1526 1258 quippe
1553 1195 1728 1259 quibus
1756 1211 1844 1260 per
1870 1212 1924 1245 se

146 1265 489 1317 sustinendum
525 1265 702 1313 bellum
736 1271 859 1324 erat,
897 1265 1030 1329 quod
1066 1264 1141 1312 vix
1169 1265 1404 1314 Romanis
1430 1265 1534 1313 fulti
1564 1266 1744 1315 viribus
1772 1268 1925 1316 susti-

144 1336 385 1386 nuissent,
423 1350 525 1384 non
553 1335 733 1384 diutius
759 1351 812 1384 se
838 1335 887 1384 in
914 1335 1122 1384 Hernico
1152 1335 1310 1385 hostis
1339 1335 1601 1395 continuit3
1630 1337 1787 1401 pergit
1813 1338 1925 1386 inde
1965 1353 1986 1391 7

146 1407 352 1458 infestus
389 1406 437 1454 in
467 1421 610 1469 agros
639 1405 890 1455 Romanos
918 1408 1061 1456 etiam
1091 1407 1197 1457 sine
1222 1406 1330 1455 belli
1356 1407 1531 1455 iniuria
1559 1414 1791 1456 vastatos.
1842 1409 1926 1458 ubi

147 1482 259 1529 cum
287 1477 458 1528 obvius
486 1492 657 1536 nem0,
683 1492 744 1526 ne
771 1477 971 1527 inermis
1001 1477 1213 1542 quidem,
1243 1478 1392 1537 lieret,
1422 1493 1606 1542 perque
1634 1478 1799 1528 omnia
1825 1493 1927 1528 non

146 1548 406 1615 praesidiis
439 1548 590 1597 modo
620 1549 811 1598 deserta
838 1549 923 1598 sed
951 1548 1096 1598 etiam
1126 1550 1254 1600 cultu
1283 1549 1460 1613 agresti
1487 1550 1776 1610 transirent,
1810 1565 1924 1615 per-

146 1635 319 1671 venere
345 1619 404 1669 ad
433 1620 628 1669 tertium
654 1619 862 1684 lapidem
892 1619 1074 1670 Gabina
1105 1621 1189 1670 via.

287 1691 509 1741 Mortuus
546 1690 778 1740 Aebutius
810 1698 910 1740 erat
935 1691 1187 1742 Romanus
1225 1691 1421 1749 consul,
1459 1691 1638 1754 collega
1673 1691 1777 1741 eius
1806 1692 1924 1742 Ser-
1962 1705 1986 1745 8

146 1761 281 1811 vilius
309 1761 477 1827 exigua
506 1762 553 1809 in
583 1777 671 1826 spe
692 1761 913 1811 trahebat
933 1763 1163 1821 animam,
1193 1762 1364 1812 adfecti
1389 1762 1605 1827 plerique
1625 1763 1923 1828 principum,

142 1838 339 1899 patrum
369 1832 526 1882 maior
551 1847 690 1898 parS,
727 1833 946 1883 militaris
973 1834 1072 1883 fere
1098 1839 1226 1884 aetas
1256 1834 1442 1891 omniS‚
1479 1840 1534 1882 ut
1561 1848 1660 1882 non
1687 1835 1836 1883 modo
1865 1834 1922 1884 ad

146 2044 224 2071 zur
258 2029 381 2070 Stadt
414 2043 601 2081 gezogen
639 2043 799 2082 waren,
838 2031 920 2082 vgl.
952 2031 989 2083 1,

146 2087 213 2140 44,
235 2087 275 2127 5.

203 2144 242 2184 3.
284 2157 334 2184 ea
355 2142 543 2183 conluvio
560 2166 587 2171 —
602 2145 775 2184 morbos
793 2144 992 2184 schliesst

145 2201 255 2251 sich,
291 2201 355 2241 als
386 2200 648 2250 Erkliirung,
685 2201 908 2241 chiastiscli
938 2213 989 2240 an

144 2258 224 2298 den
262 2257 633 2307 vorhergehenden
665 2258 765 2297 Satz
797 2270 871 2309 an,
907 2259 989 2298 und

144 2314 202 2355 ist
222 2314 326 2355 auch
350 2313 391 2353 in
412 2314 499 2352 sich
518 2314 743 2353 chiastisch
762 2315 988 2364 geordnet:

147 2370 276 2414 odore
290 2394 319 2400 —
334 2371 516 2424 vig-iliam
538 2370 620 2421 vgl.
642 2370 803 2424 Tucyd.
825 2372 863 2422 2,
886 2371 989 2411 14ff.

143 2451 201 2458 —
220 2428 427 2482 augebat,
452 2433 652 2478 erzeugte
677 2427 988 2479 Beklemmung.

144 2507 202 2514 —
220 2486 267 2525 in
289 2487 433 2531 vicent,
457 2484 693 2534 attributiv,
721 2484 756 2533 1,
779 2484 847 2536 39,
871 2484 910 2524 3.
934 2509 990 2514 —

145 2543 360 2595 contagio,
383 2540 451 2592 25,
475 2540 542 2590 26,
566 2540 610 2581 8:
635 2545 871 2587 contaetus.

203 2598 316 2638 4-5.
356 2600 583 2648 instantes,
606 2597 644 2648 2,
662 2598 729 2648 36,
748 2598 787 2640 6.
811 2622 866 2628 -
886 2599 991 2639 Her-

145 2656 251 2706 m‘ci,
280 2655 418 2705 diese,
449 2656 656 2695 zwischen
687 2656 765 2695 den
796 2656 990 2708 Aequern

146 2711 229 2752 und
267 2710 480 2752 Volskern
523 2712 749 2762 wohnend,
791 2713 883 2752 sind
924 2726 990 2753 am

147 2773 291 2808 ersten
314 2767 392 2808 den
413 2768 626 2818 Angrilsen
649 2769 869 2809 dei-selben
891 2782 990 2809 aus-

146 2829 327 2875 gesetzt.
353 2847 404 2852 —
425 2828 646 2875 nunte'ant,
669 2838 715 2864 so
739 2823 812 2876 oft,
835 2839 867 2865 s.
892 2840 927 2866 c.
951 2826 990 2878 8,

146 2880 198 2931 43
228 2880 297 2929 22,
320 2879 370 2929 23
394 2881 433 2928 4,
459 2880 525 2931 26,
554 2881 569 2920 1
598 2895 638 2921 ιι.
660 2894 718 2931 a.,
742 2882 802 2921 sie
824 2883 988 2922 melden

148 2950 228 2978 nur
255 2938 321 2978 die
346 2936 503 2978 Gefahr
532 2939 631 2977 nach
658 2938 777 2991 Rom,
806 2939 989 2980 welches

147 2995 251 3035 nach
273 2995 365 3034 dem
388 2994 592 3035 Biiudniss
616 2994 737 3034 lliill'e
761 3008 812 3034 zu
836 2996 988 3036 leisten

146 3051 413 3105 verpssichtet
451 3052 525 3100 ist,
563 3053 642 3091 wie
674 3053 734 3091 sie
765 3051 899 3092 selbst
927 3053 988 3094 sie

148 3107 327 3155 leisten,
351 3120 385 3147 s.
410 3121 445 3147 c.
470 3109 507 3158 7,
527 3109 571 3160 5,
596 3109 677 3158 vgl.
701 3122 736 3148 c.
761 3109 800 3159 4,
828 3109 900 3158 11;
926 3108 991 3163 22,

148 3163 190 3204 4.
212 3186 269 3194 —
290 3164 446 3214 tulere,
473 3165 512 3216 2,
539 3166 603 3216 12,
631 3166 693 3205 15.
716 3188 772 3194 -
790 3179 867 3220 per
887 3181 923 3206 s.
946 3169 991 3218 ιζ,

148 3221 240 3274 ipse
274 3221 471 3261 schliesst
499 3222 588 3261 sich
609 3212 657 3262 Yn
688 3223 843 3262 diesem
871 3223 991 3264 Fano

150 3274 266 3317 nicht
285 3289 336 3317 nn
359 3292 406 3318 se
427 3291 499 3328 au,
522 3280 702 3319 sondern
728 3280 821 3319 tritt
842 3293 894 3319 zu
914 3294 993 3344 per

148 3344 210 3386 se,
226 3332 300 3374 das
310 3334 570 3387 selbstiindig
581 3336 809 3378 hnudelnde
821 3336 996 3390 SubJect

195 3462 218 3497 S

1083 2031 1385 2083 bezeichnend,
1407 2044 1441 2071 s.
1464 2030 1490 2084 ξ
1509 2032 1547 2081 9,
1572 2032 1709 2081 hinzu,
1731 2030 1771 2082 2,
1795 2030 1862 2081 53,
1885 2032 1925 2082 4,

1082 2089 1168 2139 vgl.
1198 2088 1267 2138 23,
1291 2088 1357 2140 20,
1381 2089 1426 2128 5;
1457 2089 1629 2128 sibimet
1656 2090 1744 2143 ipsi
1774 2101 1927 2131 cousu-

1082 2145 1180 2186 lere.
1203 2168 1260 2174 —
1281 2147 1374 2186 urb.
1396 2145 1464 2195 Ji„
1492 2145 1527 2195 1,
1550 2145 1588 2196 3,
1612 2146 1651 2186 9.

1139 2202 1243 2242 6-7.
1288 2205 1496 2253 tristiore,
1532 2203 1574 2253 1,
1601 2202 1638 2252 7,
1662 2201 1699 2242 8.
1734 2224 1790 2231 -
1819 2206 1928 2251 erat,

1081 2259 1157 2298 der
1179 2257 1380 2299 Indicativ
1405 2260 1506 2298 nach
1529 2261 1682 2314 quippe
1703 2262 1777 2312 qui
1800 2258 1929 2298 findet

1083 2316 1168 2356 sich
1200 2315 1264 2354 bei
1288 2315 1334 2355 L.
1359 2315 1594 2366 bisweilen,
1627 2316 1705 2354 wie
1729 2329 1764 2355 c.
1787 2314 1856 2366 53,
1880 2316 1928 2364 ῖς

1083 2374 1123 2423 8,
1146 2372 1213 2422 26,
1237 2372 1284 2420 5;
1309 2371 1377 2421 26,
1401 2372 1469 2422 41,
1494 2371 1541 2419 8;
1566 2372 1633 2423 -12,
1660 2371 1723 2420 18,
1750 2372 1796 2420 1;
1823 2372 1927 2412 doch

1082 2430 1140 2469 ist
1161 2429 1235 2468 der
1251 2428 1503 2480 Conjunctiv
1525 2429 1728 2479 hiiufiger.
1749 2450 1805 2457 —
1821 2428 1927 2468 Her-

1080 2489 1197 2538 m'cO,
1239 2486 1281 2535 1,
1309 2486 1378 2536 11,
1403 2486 1441 2525 4.
1473 2508 1530 2514 -
1557 2487 1650 2525 sine
1686 2487 1725 2526 b.
1753 2487 1926 2536 iniuria,

1082 2543 1209 2583 sehon
1252 2543 1381 2582 durch
1424 2543 1489 2582 die
1526 2542 1640 2582 Pest.
1684 2564 1728 2571 —
1774 2545 1926 2594 omm'a,

1082 2600 1243 2647 lauter3
1274 2600 1347 2638 das
1380 2605 1516 2639 neutr.
1547 2599 1652 2652 plur.
1679 2599 1753 2639 des
1774 2599 1928 2651 Adjec-

1083 2658 1168 2697 tivs
1186 2656 1290 2696 wird
1310 2656 1524 2696 bisweilen
1545 2669 1623 2696 zur
1639 2656 1929 2707 Bezeiehnung

1083 2727 1165 2754 von
1180 2712 1442 2753 Localit'ziten
1460 2713 1705 2765 gebraucht,
1724 2726 1759 2753 s.
1778 2712 1927 2763 21,25,

1084 2770 1136 2819 9;
1161 2770 1215 2810 ib.
1239 2769 1307 2820 32,
1331 2770 1369 2809 9.
1390 2793 1445 2799 -
1464 2770 1666 2824 ρναεεὶά.,
1687 2770 1727 2810 in
1750 2770 1926 2810 Stiidten

1083 2828 1165 2867 und
1183 2826 1411 2867 Castellen.
1428 2849 1483 2857 —
1503 2826 1604 2868 Gab.
1623 2841 1675 2876 tu,
1694 2827 1796 2866 nach
1808 2825 1926 2866 Gabii

1082 2883 1927 2934 u.Praeneste,dieverbindungsstrasse

1082 2941 1292 2980 zwiscben
1323 2939 1425 2981 Rom
1464 2942 1545 2980 und
1576 2942 1667 2981 dem
1697 2940 1927 2980 Berniker-

1081 2998 1218 3046 laude,
1240 2997 1404 3037 iihulich
1428 2997 1464 3050 2,
1488 2997 1556 3046 39,
1581 2999 1628 3046 5;
1652 2997 1834 3052 lapidem
1855 3009 1928 3037 an-

1083 3054 1263 3107 ticipirt‚
1294 3055 1374 3094 wie
1406 3054 1552 3106 2,11,
1577 3055 1623 3103 73
1655 3054 1693 3104 3,
1717 3053 1786 3105 69,
1808 3053 1856 3101 8;
1887 3054 1926 3102 5,

1081 3111 1122 3162 4,
1151 3109 1199 3150 12
1223 3124 1263 3150 u.
1286 3122 1323 3150 a.

1139 3167 1177 3207 8.
1220 3168 1381 3207 trahel).
1409 3182 1467 3220 a.,
1501 3169 1602 3208 nach
1625 3169 1701 3208 der
1723 3166 1925 3216 Analogia

1082 3237 1164 3265 von
1200 3227 1407 3279 spiritum
1437 3226 1628 3273 trahere,
1666 3237 1714 3263 er
1742 3223 1925 3262 athmete

1083 3282 1209 3331 noch,
1238 3281 1307 3332 lag
1327 3281 1430 3322 aber
1452 3279 1928 3332 hoffnungslosdarnie-

1083 3339 1180 3388 dex-3
1212 3350 1246 3378 S.
1269 3338 1502 3387 4,12,11;
1536 3334 1924 3388 42,23‚10;Tac.
