2221 3537
183 243 217 267 ι.
244 234 313 268 eh.
338 234 416 266 449.

764 216 923 258 Lmen
952 215 1018 258 ιιι.
1071 215 1185 256 mr.
1211 217 1278 256 50.
1314 217 1382 256 51.
1880 214 1948 263 99

183 351 425 408 dicerent,
460 347 803 414 perpulerunt,
839 352 895 395 ut
928 344 987 394 ad
1021 358 1154 393 arma
1190 342 1598 399 conclamaretur,
1629 342 1949 407 vellerentque

183 421 321 486 signa
367 427 416 469 et
450 419 657 469 Romam
693 416 1135 481 proficiscerentur.
1197 413 1475 469 decemviri,
1514 413 1658 462 simul
1697 414 1794 470 his»,
1830 428 1951 477 quae
1991 419 2040 460 12

182 491 421 547 videbant,
450 489 622 553 iisque,
652 503 773 552 quae
800 494 902 536 acta
930 486 1116 535 Romae
1141 484 1416 540 audierant,
1445 484 1726 547 perturbati,
1755 484 1874 532 alius
1903 484 1952 532 in

183 562 325 612 aliam
353 567 539 625 partem
568 566 840 608 castrorum
868 558 926 606 ad
956 556 1200 606 sedandos
1228 561 1391 603 motus
1420 553 1715 602 discurrunt.
1767 563 1813 602 et
1833 555 1952 602 leni-

183 639 256 682 ter
288 631 541 696 agentibus
577 643 874 694 responsum
914 642 1016 677 non
1052 627 1297 683 redditur,
1332 624 1589 688 imperium
1618 625 1658 672 si
1686 625 1795 688 quis
1823 625 1951 672 inhi-

181 703 342 761 beret,
379 709 426 750 et
451 702 579 751 viros
607 708 655 749 et
679 707 894 749 armatos
921 715 974 747 se
1002 714 1112 747 esse
1138 696 1482 761 respondetur.
1534 703 1651 743 eunt
1677 695 1866 758 agmine
1892 695 1950 743 ad
1991 699 2040 739 13

181 773 352 823 urbem
380 780 427 822 et
451 772 742 822 Aventinum
771 770 1005 825 insidunt,
1034 776 1085 818 ut
1111 768 1319 833 quisque
1347 773 1650 826 occurrerat,
1679 765 1866 829 piebem
1895 766 1952 813 ad

182 845 497 909 repetendam
533 843 802 892 libertatem
825 840 1162 904 creandosque
1188 838 1414 888 tribunos
1442 836 1597 902 plebis
1626 836 1954 884 adhortantes.

183 915 273 964 alia
306 931 397 963 vox
435 915 562 964 nulla
598 913 805 962 violenta
844 912 1004 962 audita
1041 918 1128 960 est.
1190 917 1411 959 senatum
1449 912 1531 973 sp.
1572 907 1760 974 Oppius
1796 906 1953 955 habet.
1997 913 2046 952 14

182 985 302 1035 nihil
336 986 492 1050 placet
525 1001 696 1049 aspere
729 984 831 1048 agi:
868 984 1050 1047 quippe
1083 982 1142 1031 ab
1169 981 1289 1046 ipsis
1318 981 1483 1029 datum
1511 979 1671 1027 locum
1701 977 1954 1026 seditionis

183 1072 306 1106 esse.
360 1057 617 1106 mittuntur
642 1063 740 1105 tres
768 1055 906 1119 legati
935 1053 1240 1108 consulareS,
1270 1052 1354 1116 Sp.
1384 1050 1621 1115 Tarpeius
1650 1050 1698 1098 C.
1727 1049 1874 1098 lulius
1902 1047 1954 1096 P.
1996 1053 2045 1093 15

184 1127 452 1192 Sulpicius,
492 1129 572 1192 qui
601 1132 887 1191 quaererent
912 1131 1111 1174 senatus
1138 1123 1323 1181 verbis,
1346 1122 1485 1170 cuius
1514 1121 1651 1169 iussu
1681 1127 1840 1169 castra
1868 1119 1955 1167 de-

183 1199 474 1256 seruissent,
511 1204 594 1247 aut
619 1197 734 1261 quid
762 1196 853 1244 sibi
883 1196 1069 1253 vellent,
1100 1195 1180 1258 qui
1209 1193 1379 1242 armati
1407 1191 1696 1241 Aventinum
1726 1190 1957 1239 obsedis-

183 1275 316 1326 sent,
353 1268 573 1332 belloque
599 1282 766 1316 averso
795 1266 853 1314 ab
880 1265 1104 1314 hostibus
1134 1265 1340 1329 patriam
1378 1278 1514 1311 suam
1544 1262 1804 1325 cepissent.
1855 1275 1955 1308 non
1996 1267 2047 1307 16

184 1339 349 1397 defuit,
387 1339 500 1403 quid
528 1337 930 1402 responderetur3
958 1337 1137 1392 deerat,
1167 1335 1247 1399 qui
1277 1334 1412 1382 daret
1438 1347 1762 1396 responsum,
1792 1331 1955 1379 nullo-

182 1410 299 1459 dum
327 1418 458 1459 certo
480 1411 617 1466 duce,
646 1424 736 1458 nec
763 1407 879 1457 satis
907 1406 1197 1456 audentibus
1226 1404 1427 1469 singulis
1456 1403 1662 1453 invidiae
1688 1418 1739 1450 se
1768 1403 1957 1450 offerre.

184 1481 231 1530 id
270 1482 420 1529 modo
457 1497 482 1529 a
522 1479 829 1530 multitudine
864 1479 1219 1528 conclamatum
1249 1483 1346 1533 est,
1387 1481 1438 1524 ut
1472 1474 1524 1522 L.
1557 1473 1794 1522 Valerium
1824 1480 1871 1521 et
1896 1472 1956 1520 M.

185 1551 440 1601 Horatium
477 1551 535 1600 ad
571 1568 624 1599 se
664 1551 935 1599 mitterent:
973 1549 1031 1598 iis
1059 1564 1110 1597 se
1138 1548 1340 1596 daturos
1367 1560 1681 1610 responsum.
1734 1543 1958 1592 Dimissis
1991 1543 2056 1590 51

185 1622 354 1686 legatis
389 1622 623 1671 admonet
657 1621 831 1670 milites
861 1619 1130 1683 VerginiuS,
1159 1619 1207 1667 in
1234 1633 1285 1666 re
1311 1632 1410 1665 non
1438 1617 1646 1665 maxima
1676 1614 1819 1679 paulo
1848 1621 1958 1662 ante

183 1693 479 1757 trepidatum
517 1709 651 1750 esse,
683 1692 792 1755 quia
827 1691 932 1740 sine
960 1692 1112 1754 capite
1139 1688 1397 1737 multitudo
1434 1687 1593 1744 fuerit,
1630 1699 1960 1749 responsum—

186 1779 304 1828 que,
334 1778 627 1827 quamquam
655 1777 757 1810 non
793 1761 1047 1820 inutiliter,
1083 1760 1285 1809 fortuito
1322 1765 1484 1807 tamen
1521 1756 1674 1821 magis
1713 1770 1960 1805 consensu

185 1849 330 1899 quam
360 1833 607 1884 communi
636 1832 841 1882 consilio
868 1847 989 1881 esse.
1041 1831 1230 1895 placere
1251 1830 1416 1878 decem
1438 1828 1604 1885 creari,
1632 1827 1710 1892 qui
1734 1841 1957 1876 summae

186 1905 258 1954 rei
301 1911 608 1969 praeessent,
641 1904 932 1967 militarique
966 1903 1156 1951 honore
1192 1901 1418 1950 tribunos
1456 1899 1662 1948 militum
1698 1897 1957 1963 appellare.

185 2073 438 2125 mitgetheilt
464 2072 594 2112 haben
616 2086 626 2121 ;
652 2072 782 2112 Gron.
811 2085 941 2112 verm.
965 2075 1030 2112 in-

184 2134 420 2183 secutique,
459 2142 524 2168 wo
557 2131 662 2169 dann
693 2130 797 2169 auch
827 2142 922 2170 cum
953 2141 1029 2168 vor

184 2187 328 2228 eadem
351 2188 425 2226 mit
446 2186 614 2237 Madvig
635 2200 686 2225 zu
709 2186 836 2237 tilgen
860 2186 988 2225 wiire.

245 2243 397 2284 12-14.
431 2248 470 2283 el
492 2241 639 2296 kniipst
661 2243 876 2282 bisweilen
894 2248 1027 2282 etwas

182 2313 249 2349 an,
272 2313 359 2340 was
378 2301 469 2340 dem
493 2298 752 2350 Vorhergeh.
784 2300 898 2339 nicht
929 2305 1026 2338 ent-

183 2358 354 2409 spricht,
377 2370 440 2396 wo
464 2357 543 2396 wir
564 2357 642 2396 sed
661 2362 884 2402 erwarten‚
917 2369 950 2395 s,
974 2368 1026 2394 zu

184 2414 252 2464 34,
282 2413 353 2463 42,
382 2413 431 2459 ὃς
465 2412 531 2466 28,
566 2413 634 2462 26,
672 2412 743 2462 11;
776 2412 845 2462 2⁴,
876 2412 944 2463 27,
976 2412 1023 2460 73

182 2470 285 2510 eben
309 2483 355 2510 so
378 2474 503 2524 atque
525 2470 591 2518 24,
614 2469 681 2519 39,
703 2469 748 2517 8;
775 2468 842 2519 26,
864 2469 933 2518 40,
961 2469 1025 2509 10.

183 2551 238 2557 -
259 2527 324 2567 liis
344 2550 372 2556 -
391 2529 459 2576 ils,
482 2540 514 2567 s.
542 2527 607 2579 23,
628 2527 696 2575 49,
726 2525 765 2566 3.
793 2549 840 2554 —
865 2526 1025 2566 inhibe·

184 2587 294 2631 rent,
318 2596 352 2623 s.
375 2597 411 2623 c.
433 2583 502 2634 33,
529 2583 563 2623 1.
587 2607 639 2612 —
662 2585 790 2632 viros,
818 2583 851 2636 1,
874 2583 943 2633 58,
975 2582 1023 2630 8;

186 2639 255 2690 21,
277 2638 318 2691 8,
344 2640 412 2680 12;
442 2643 534 2680 tum
555 2642 644 2680 tiro
667 2643 708 2679 et
732 2641 1027 2692 gubernatore

187 2710 294 2750 opus
324 2700 400 2736 est.
436 2719 487 2724 -
517 2711 564 2736 se
592 2694 656 2735 als
686 2696 737 2735 ob
767 2696 1028 2751 respondent

184 2751 311 2804 fulge.
336 2776 388 2781 —-
418 2755 589 2802 Arent„
626 2753 722 2791 weil
752 2753 891 2793 dieser
920 2754 1026 2804 Berg

180 2810 294 2861 jetzt
316 2822 395 2848 von
419 2810 495 2848 der
518 2809 640 2848 Plebs
663 2809 856 2850 bewobnt
879 2810 949 2850 ist.
971 2833 1016 2838 —

183 2869 236 2907 αὺ
271 2868 401 2920 ipsis,
443 2867 518 2906 den
551 2866 794 2905 Decemvirn
823 2866 904 2905 und
934 2867 1026 2907 dem

185 2924 363 2975 Semne,
399 2924 465 2962 die
497 2923 606 2962 nicht
635 2923 853 2972 energisch
883 2923 1026 2973 einge-

186 2981 389 3020 scbritten
414 2980 518 3019 sind.
549 3003 599 3007 —
633 2978 870 3029 seditionis,
898 2992 933 3029 c,
956 2980 1026 3030 46,

186 3036 235 3084 2;
264 3037 347 3077 Cic.
369 3036 442 3076 Or.
472 3036 512 3085 3,
545 3036 612 3087 27,
647 3036 749 3083 104,
779 3035 948 3086 Madvig
975 3049 1028 3076 zu

185 3092 269 3133 cic.
296 3092 385 3133 Fin.
407 3093 446 3140 2,
468 3093 508 3142 9,
531 3093 598 3132 27.

248 3149 398 3190 15-16.
426 3147 652 3202 Tarpeius,
675 3163 708 3189 c.
729 3147 799 3198 313
823 3147 968 3197 lulius,
991 3162 1027 3188 e.

189 3203 266 3254 333
289 3205 338 3245 P.
357 3203 583 3261 Sulpicius,
605 3219 639 3246 s.
658 3220 693 3245 c.
713 3205 780 3254 31,
803 3203 852 3253 8;
876 3206 1030 3246 Ascon-

189 3262 229 3302 in
266 3261 432 3303 Cornel.
469 3276 510 3317 1>-
548 3262 615 3303 77.
673 3261 748 3303 Die
776 3262 1032 3313 Abundans

1117 2084 1197 2111 von
1240 2069 1498 2110 Consularen
1540 2068 1653 2116 zeigt
1695 2067 1759 2107 die
1809 2067 1962 2107 verkin-

1116 2129 1236 2167 derte
1255 2127 1486 2176 Stimmung
1508 2125 1580 2165 des
1598 2124 1790 2173 Senates,
1812 2137 1846 2163 s.
1868 2122 1894 2176 ξ
1918 2124 1930 2162 1
1951 2137 1961 2171 ;

1118 2184 1186 2234 30,
1216 2183 1284 2232 42,
1320 2183 1383 2222 11.
1420 2206 1469 2212 --
1496 2183 1634 2221 vorbis
1663 2181 1714 2221 im
1745 2179 1960 2231 Austrage.

1115 2263 1172 2270 —
1222 2242 1391 2294 cepis-s„
1444 2239 1524 2277 wie
1586 2239 1678 2277 eine
1737 2235 1960 2276 feindliche

1117 2297 1253 2345 stadt,
1277 2309 1311 2335 s.
1335 2309 1370 2334 c.
1396 2294 1462 2346 53,
1483 2293 1520 2333 3.
1545 2316 1600 2322 —
1622 2293 1735 2346 quid,
1758 2294 1852 2332 weil
1876 2306 1958 2332 uon

1117 2353 1260 2407 defuit
1296 2353 1373 2392 den
1413 2350 1571 2401 Begriff
1601 2350 1763 2389 euthiilt
1797 2351 1961 2389 habue-

1116 2414 1233 2459 runt,
1255 2410 1454 2454 sciebant,
1478 2406 1560 2447 Cic.
1584 2406 1696 2446 Fam.
1723 2406 1760 2456 7,
1784 2406 1824 2457 3,
1846 2408 1890 2445 ὃς
1914 2408 1964 2445 ut

1116 2468 1294 2507 haberes
1324 2465 1426 2518 quid
1450 2464 1635 2504 diceres:
1674 2464 1727 2502 ib.
1759 2463 1797 2510 8,
1837 2462 1874 2513 6,
1911 2461 1960 2501 2:

1116 2523 1217 2577 quid
1248 2523 1354 2563 mila·
1383 2521 1604 2561 mandaris
1639 2522 1815 2559 memini
1842 2533 1879 2558 u.
1909 2531 1962 2568 a.,

1117 2581 1229 2620 nieht
1249 2594 1331 2620 non
1355 2579 1494 2631 defuit
1514 2577 1569 2627 id,
1592 2576 1714 2629 quod,
1739 2576 1778 2623 6,
1806 2576 1868 2628 15,
1897 2576 1961 2614 11.

1115 2660 1172 2667 —·
1191 2636 1432 2685 nullodum,
1455 2636 1570 2674 diese
1596 2633 1864 2682 Verbindung
1888 2632 1962 2670 fin-

1117 2695 1189 2735 det
1216 2695 1304 2733 sich
1342 2691 1425 2732 fast
1456 2705 1534 2731 nur
1562 2691 1625 2730 bei
1657 2690 1723 2740 L„
1754 2702 1788 2729 s.
1821 2690 1861 2738 5,
1893 2689 1961 2738 34,

1117 2751 1166 2800 63
1194 2751 1228 2800 7,
1254 2749 1484 2800 33,13;9,
1513 2748 1576 2795 12,
1601 2747 1647 2795 33
1671 2760 1722 2786 zu
1741 2746 1808 2793 29,
1836 2745 1900 2791 11,
1927 2745 1961 2783 1.

1175 2801 1263 2849 51.
1300 2806 1391 2846 1-2.
1423 2804 1697 2860 trepidatum,
1729 2803 1797 2853 vg!
1835 2816 1870 2840 c.
1894 2800 1961 2850 49,

1118 2864 1157 2904 6.
1186 2887 1243 2894 -
1271 2863 1436 2912 decem,
1477 2875 1523 2902 so
1560 2862 1670 2900 viele
1706 2859 1819 2898 viell.
1860 2858 1961 2895 uach

1118 2922 1194 2961 der
1235 2920 1338 2961 Zahl
1380 2920 1455 2959 der
1495 2917 1849 2960 Volkstribunen;
1896 2913 1962 2952 die

1119 2976 1223 3017 Znhl
1265 2979 1340 3017 der
1381 2974 1728 3026 Rriegstribunen
1771 2971 1847 3010 der
1882 2968 1960 3008 Le-

1118 3038 1215 3086 gion
1241 3034 1348 3074 liisst
1369 3034 1454 3072 sich
1478 3030 1723 3070 schwerlicb
1755 3028 1856 3066 noch
1887 3026 1963 3064 der

1119 3091 1291 3141 Angube
1333 3090 1588 3129 bestimmen.
1629 3108 1683 3114 -
1725 3086 1819 3123 trib.
1862 3081 1963 3130 mik,

1119 3149 1217 3186 weil
1241 3148 1302 3186 sie
1324 3159 1374 3185 an
1398 3146 1473 3184 der
1491 3144 1634 3196 Spitze
1657 3142 1733 3180 der
1751 3139 1960 3188 Legionen

1121 3205 1281 3253 ssehen,
1311 3203 1428 3242 diese
1461 3205 1676 3239 vertreten
1706 3197 1864 3245 tollen,
1893 3194 1962 3233 die

1121 3273 1204 3302 von
1252 3261 1332 3299 den
1380 3256 1628 3298 Decemvirn
1672 3254 1965 3305 eingeeetzten

1538 3325 1601 3366 7.
