2221 3537
161 269 196 293 ι.
222 259 291 294 Oh.
317 259 395 292 ses.
803 245 960 288 LIBER
985 246 1034 288 V.
1078 245 1194 287 CAP.
1225 249 1287 288 15.

1818 251 1911 300 291

160 375 333 425 derent
356 374 598 441 prodigi0,
626 374 763 422 missi
792 374 1087 424 sciscitatum
1115 381 1336 423 oratores
1363 374 1420 423 ad
1443 375 1725 440 Delphicum
1748 392 1923 427 oracu-

160 446 278 496 lum.
329 446 413 496 sed
449 443 653 510 propior
686 443 925 509 interpres
959 445 1069 493 fatis
1102 444 1289 492 oblatus
1319 446 1483 494 senior
1509 447 1702 510 quidam
1735 447 1921 505 Veiens,

160 517 241 581 qui
274 518 399 566 inter
424 514 697 565 cavillantes
726 514 773 563 in
803 514 1095 564 stationibus
1123 530 1178 563 ac
1204 516 1437 563 custodiis
1467 517 1642 565 milites
1670 518 1921 567 Romanos

157 587 490 650 Etruscosque
525 585 829 634 vaticinantis
866 586 913 634 in
953 585 1155 634 modum
1192 584 1386 639 cecinit,
1426 587 1707 651 priusquam
1737 605 1790 636 ex
1819 589 1923 638 lacu

155 656 342 707 Albano
368 671 490 720 aqua
518 656 699 704 emissa
726 656 868 712 soret,
897 671 1160 720 numquam
1191 655 1460 719 potiturum
1493 656 1598 704 Veis
1628 658 1920 707 Romanum.

156 727 286 792 quod
308 726 467 792 primo
490 726 615 775 velut
634 733 813 774 temere
834 726 1013 775 iactum
1036 726 1216 789 sperni,
1239 725 1405 789 agitari
1421 725 1594 774 deinde
1608 729 1920 778 sermonibus

156 804 382 862 coeptum
410 803 499 854 est,
525 797 681 846 donec
709 811 836 846 unus
864 812 920 845 ex
944 797 1151 845 statione
1174 797 1411 857 Romana,
1440 805 1780 861 percunctatus
1803 815 1920 862 pro-

156 869 341 918 ximum
378 868 758 932 oppidanorum,
797 868 891 916 iam
929 883 1015 931 per
1051 867 1451 932 longinquitatem
1489 867 1596 917 belli
1625 869 1921 917 commercio

155 953 444 988 sermonum
472 939 622 994 facto,
650 938 873 1002 quisnam
902 939 940 987 is
969 946 1121 995 esset,
1151 940 1230 1002 qui
1260 954 1345 1002 per
1371 938 1595 1002 ambages
1625 939 1683 987 de
1709 940 1812 988 lacu
1840 940 1922 987 ΑΙ-

155 1009 283 1059 bano
313 1009 500 1066 iaceret,
529 1016 790 1073 postquam
819 1009 998 1058 audivit
1025 1010 1335 1073 haruspicem
1359 1025 1485 1070 esse,
1515 1010 1583 1057 vir
1604 1010 1729 1058 haud
1754 1009 1918 1058 intacti

156 1079 389 1144 religione
431 1080 602 1140 animi,
649 1087 873 1129 causatus
918 1080 974 1128 de
1011 1081 1179 1144 privati
1217 1080 1426 1142 portenti
1465 1081 1831 1143 procuratione,
1880 1081 1920 1129 si

156 1166 331 1215 operae
366 1150 430 1199 illi
465 1158 616 1206 esset,
656 1151 911 1199 consulere
950 1151 1085 1208 velle,
1125 1151 1182 1200 ad
1218 1151 1531 1214 conloquium
1561 1158 1713 1199 vatem
1743 1151 1919 1199 elicuit.

156 1236 364 1284 cumque
401 1221 648 1284 progressi
687 1221 831 1270 ambo
860 1237 884 1269 a
912 1221 1013 1270 suis
1042 1222 1234 1283 longius
1262 1228 1425 1269 essent
1452 1222 1664 1269 inermes
1692 1221 1797 1269 sine
1825 1222 1919 1270 ullo

153 1298 301 1349 metu,
327 1292 604 1355 praevalens
631 1291 819 1339 iuvenis
841 1291 1091 1339 Romanus
1120 1307 1287 1339 senem
1316 1291 1562 1339 infirmum
1586 1291 1632 1339 in
1656 1299 1923 1355 conspectu

154 1361 374 1411 omnium
420 1368 610 1424 raptum
659 1361 950 1425 nequiquam
996 1361 1404 1410 tumultuantibus
1439 1362 1660 1410 Etruscis
1703 1362 1759 1410 ad
1801 1377 1920 1410 suos

153 1431 412 1482 transtulit.
464 1432 544 1496 qui
572 1447 680 1481 cum
709 1432 972 1495 perductus
1001 1432 1058 1481 ad
1088 1432 1458 1496 imperatorem,
1487 1432 1599 1480 inde
1626 1432 1832 1481 Romam
1862 1433 1921 1481 ad

154 1510 376 1553 senatum
404 1502 587 1551 missus
616 1509 767 1562 esset,
795 1503 1169 1559 sciscitantibuS,
1199 1503 1428 1566 quidnam
1457 1503 1503 1551 id
1531 1510 1674 1559 esset,
1705 1503 1836 1567 quod
1863 1503 1922 1552 de

153 1574 256 1624 lacu
278 1573 463 1623 Albano
492 1573 754 1631 docuisset,
782 1574 1036 1637 respondit
1061 1574 1278 1637 profecto
1307 1574 1456 1622 iratos
1484 1574 1601 1622 deos
1625 1574 1806 1622 Veienti
1830 1589 1921 1637 po-

153 1646 269 1709 pulo
306 1644 384 1693 illo
420 1643 572 1693 fuisse
599 1644 697 1701 die,
736 1660 831 1708 quo
860 1645 950 1693 sibi
978 1661 1082 1693 eam
1112 1651 1324 1693 mentem
1356 1644 1673 1700 obiecissent,
1710 1652 1764 1693 ut
1788 1645 1922 1693 exci-

154 1715 287 1764 dium
324 1715 506 1780 patriae
538 1715 676 1763 satale
712 1715 954 1779 proderet.
1007 1716 1169 1778 itaque
1205 1731 1327 1778 quae
1365 1722 1466 1763 tum
1503 1714 1730 1763 cecinerit
1757 1715 1919 1763 divino

153 1785 331 1851 spiritu
357 1785 629 1842 instinctu5‚
656 1801 708 1834 ea
736 1801 786 1834 se
813 1801 901 1834 nec
927 1792 981 1834 ut
1007 1786 1185 1835 indicta
1213 1787 1310 1834 sint
1337 1801 1561 1834 revocare
1589 1801 1753 1850 posse,
1781 1793 1827 1834 et
1847 1792 1920 1834 ta-

154 1856 307 1906 cendo
343 1856 574 1915 forsitan,
610 1871 729 1920 quae
769 1856 815 1905 di
851 1856 1133 1906 inmortales
1172 1856 1349 1919 vulgari
1388 1856 1562 1913 velint,
1602 1856 1728 1905 haud
1758 1857 1919 1905 minus

154 1942 298 1992 quam
336 1927 531 1976 celanda
569 1927 761 1975 ess'ando
795 1927 931 1976 nefas
968 1927 1202 1977 contrahi.
1254 1927 1323 1975 sic
1355 1927 1498 1990 igitur
1522 1927 1656 1975 libris
1685 1927 1921 1986 fatalibuS‚

155 1998 226 2048 sic
259 1997 511 2061 disciplina
545 1998 748 2047 Etrusca
782 1998 1013 2048 traditum
1048 2014 1179 2057 esse,
1221 1999 1320 2060 [ut]
1361 1998 1554 2061 quando
1590 2013 1712 2062 aqua
1740 1998 1924 2047 Albana

209 2136 332 2177 3-6.
388 2142 571 2189 oratoru,
608 2151 642 2177 s.
684 2138 718 2188 1,
755 2138 819 2190 38,
858 2138 896 2178 2.
934 2160 989 2167 —

151 2193 359 2249 Delphice„
395 2196 474 2234 wie
509 2194 544 2245 1,
568 2195 635 2245 56,
659 2195 704 2243 53
735 2195 810 2234 der
832 2195 988 2234 bercits

151 2250 410 2291 anerkannte
474 2251 763 2304 Apollocultus
835 2252 990 2291 konnte

151 2307 280 2347 leicht
314 2308 419 2347 dazu
457 2306 626 2356 fubre113
664 2308 766 2346 auch
799 2307 836 2358 3,
865 2307 934 2358 31,
965 2308 988 2347 8

153 2364 256 2403 wird
286 2365 351 2404 die
374 2363 640 2415 Verbindung
671 2365 745 2404 mit
767 2363 992 2404 Griecben-

151 2421 248 2460 land
284 2427 623 2472 vorausgesetzt,
661 2421 743 2470 vgl.
775 2434 808 2460 c.
841 2420 908 2469 28,
941 2421 988 2470 2;

103 2514 106 2516 ,
152 2475 380 2517 Mommsen
414 2477 445 2528 1,
475 2477 566 2517 151.
602 2501 650 2505 —
677 2478 799 2530 satis
835 2477 913 2516 obl.
951 2478 989 2516 in

153 2532 291 2584 Bezug
312 2532 387 2573 nus
406 2533 432 2587 ξ
457 2534 504 2583 93
534 2532 633 2574 Tac.
657 2535 757 2583 Agr.
781 2533 848 2573 13:
871 2547 992 2574 mon-

151 2593 318 2631 stratus
373 2591 492 2642 satis
557 2590 867 2644 Vespasianus.
935 2613 992 2619 —-

151 2647 328 2698 enain-a,
374 2648 449 2686 der
485 2646 731 2697 cigentliche
771 2647 992 2687 Ausdruck

150 2701 218 2743 fiir
271 2702 338 2743 die
395 2702 620 2753 Ableitung
673 2704 746 2743 des
788 2703 990 2744 Wassers

151 2760 278 2799 durch
317 2759 469 2800 Caniile
515 2760 594 2798 und
632 2759 866 2800 kiinstliche
908 2760 991 2800 An-

151 2816 288 2867 lagen.
319 2839 373 2844 —
400 2829 477 2871 per
505 2817 690 2867 ambag„
725 2815 759 2864 1,
783 2816 850 2866 56,
873 2817 911 2856 9.
935 2839 991 2846 -

150 2875 540 2924 iactum—iaceret,
578 2869 825 2921 hinwersen,
855 2872 893 2923 6,
927 2873 991 2923 14,

157 2929 220 2969 11.
245 2951 301 2959 —
322 2930 437 2970 haud
457 2933 532 2970 int.
555 2943 590 2970 r.
614 2943 670 2977 a.,
702 2929 763 2968 ein
795 2926 862 2968 fiir
891 2930 991 2970 reli-

151 2987 269 3038 giiise
293 2984 471 3027 Gestihle
494 2987 603 3026 nicht
627 2984 993 3038 unempfindlicher

151 3042 293 3083 Manu.
316 3041 356 3093 2,
386 3043 453 3094 36,
485 3043 522 3082 3.
551 3066 606 3071 -
641 3044 808 3096 privati,
841 3042 990 3083 dessen

152 3098 351 3151 Siihnung
387 3101 477 3140 dein
516 3100 744 3139 Einzelnen
784 3098 916 3151 oblag,
958 3099 992 3152 1,

153 3155 221 3206 56,
244 3157 282 3196 5.
311 3178 369 3185 —
401 3157 623 3197 consulere
657 3170 694 3196 n.
731 3155 868 3206 illum,
906 3168 992 3195 was

153 3225 298 3263 wegen
321 3212 383 3253 illi
403 3213 537 3254 seblen
561 3214 731 3254 konnte.

210 3268 378 3311 9-10..
406 3275 590 3311 mentem
620 3271 706 3323 ob.,
741 3271 820 3310 ihm
850 3269 991 3320 einge-

1080 2139 1213 2190 geben
1237 2139 1378 2178 hiitten
1404 2139 1507 2178 ohne
1529 2138 1617 2177 sein
1641 2137 1822 2188 Zuthun‚
1846 2138 1926 2178 wie

1081 2196 1278 2235 nachher:
1316 2194 1455 2235 dit-ino
1491 2197 1649 2249 spiritu
1687 2197 1927 2246 instinctus,

1081 2253 1130 2291 da
1153 2253 1191 2291 in
1217 2253 1306 2291 dem
1331 2251 1463 2290 Seher
1485 2252 1597 2291 nicht
1619 2252 1722 2300 sein,
1744 2253 1925 2290 sondern

1081 2309 1156 2348 der
1185 2308 1386 2358 giittliche
1418 2306 1538 2347 Geist
1576 2308 1724 2346 wirkt:
1764 2309 1928 2348 obicere

1081 2365 1161 2403 wie
1204 2364 1270 2409 29,
1310 2363 1349 2412 8,
1391 2363 1454 2402 11.
1491 2386 1545 2392 —-
1592 2363 1750 2403 indicta
1779 2382 1804 2396 =
1839 2377 1923 2403 nou

1082 2421 1218 2468 ἀίοίας
1249 2420 1316 2467 22,
1340 2420 1407 2469 39,
1426 2420 1470 2458 2;
1502 2434 1569 2460 me
1589 2420 1817 2469 indi'cente3
1854 2419 1923 2467 29,

1086 2478 1150 2528 lS,
1177 2478 1246 2516 19:
1267 2477 1423 2518 indicta
1444 2490 1589 2517 causa.

1143 2590 1321 2629 11-12.
1360 2589 1480 2629 libris
1501 2590 1611 2641 sat„
1640 2604 1675 2629 c.
1711 2590 1775 2640 14,
1798 2589 1847 2638 ⁴13
1884 2590 1924 2630 in

1083 2647 1310 2687 denselben
1348 2659 1437 2685 war
1471 2646 1560 2686 also
1590 2647 1653 2686 die
1684 2646 1927 2697 Bedeutung

1083 2704 1158 2743 der
1195 2703 1382 2757 prodigia
1419 2703 1673 2753 angegeben.
1712 2726 1767 2731 —
1797 2703 1924 2743 disci-

1079 2760 1214 2815 plina,
1258 2761 1324 2800 die
1367 2759 1748 2799 Divinationslehre
1797 2759 1926 2798 iiber-

1084 2819 1222 2870 haupt.
1246 2840 1300 2845 ——
1334 2819 1379 2857 ut
1415 2815 1606 2868 quandiu
1650 2817 1698 2855 da
1735 2816 1801 2854 die
1839 2815 1924 2854 An-

1082 2875 1227 2913 nnhme
1264 2874 1379 2913 eines
1417 2872 1699 2913 Anacoluthes
1738 2874 1927 2919 (sic-ut

1082 2954 1109 2959 -
1130 2929 1323 2975 daretur)
1361 2930 1449 2968 hier
1479 2929 1598 2967 kaum
1630 2927 1817 2979 zuliissig
1852 2928 1924 2979 ist,

1083 3000 1130 3027 so
1152 2987 1309 3026 miisste
1333 2990 1378 3025 ut
1400 2984 1565 3037 quando
1595 2984 1821 3024 bedeuten:
1850 2997 1924 3036 ge·

1085 3049 1210 3091 setzt,
1235 3044 1270 3082 in
1295 3044 1383 3081 dem
1410 3041 1539 3088 Fam,
1563 3040 1657 3080 dass
1681 3041 1852 3081 eiumal:
1877 3054 1924 3081 so

1085 3101 1181 3139 dass
1213 3113 1258 3139 es
1290 3099 1426 3148 wenig
1457 3111 1534 3135 von
1572 3097 1802 3151 siquando
1826 3111 1926 3137 ver-

1087 3157 1280 3196 schieden
1311 3156 1438 3200 xxiire,
1477 3155 1579 3193 oder
1600 3172 1625 3187 =
1655 3157 1702 3194 u!
1734 3156 1924 3207 primum

1086 3214 1245 3258 stehen,
1284 3213 1385 3250 doch
1420 3211 1525 3250 liisst
1556 3211 1640 3249 sich
1671 3210 1753 3250 uol
1783 3210 1927 3250 weder

1087 3270 1159 3309 das
1185 3269 1283 3308 Eine
1308 3268 1410 3306 noch
1435 3268 1507 3306 das
1532 3268 1696 3307 ¹&ndei-e
1719 3267 1927 3307 nacbwei-

1511 3336 1588 3376 19·

1958 458 1983 498 4

1958 740 1981 778 5

1960 1726 2010 1766 10

1961 1941 2009 1981 11
