<?xml version="1.0" encoding="UTF-8"?>
<!DOCTYPE html PUBLIC "-//W3C//DTD XHTML 1.0 Transitional//EN"
    "http://www.w3.org/TR/xhtml1/DTD/xhtml1-transitional.dtd">
<html xmlns="http://www.w3.org/1999/xhtml" xml:lang="en" lang="en">
 <head>
  <title>
</title>
<meta http-equiv="Content-Type" content="text/html;charset=utf-8" />
  <meta name='ocr-system' content='tesseract 3.04.00' />
  <meta name='ocr-capabilities' content='ocr_page ocr_carea ocr_par ocr_line ocrx_word'/>
</head>
<body>
  <div class='ocr_page' id='page_1' title='image "./aburbeconditali01livy_0679.png"; bbox 0 0 2221 3537; ppageno 0'>
   <div class='ocr_carea' id='block_1_1' title="bbox 106 225 442 263">
    <p class='ocr_par' dir='ltr' id='par_1_1' title="bbox 106 225 442 263">
     <span class='ocr_line' id='line_1_1' title="bbox 106 225 442 263; baseline -0.003 -4"><span class='ocrx_word' id='word_1_1' title='bbox 106 235 141 263; x_wconf 72' lang='grc' dir='ltr'>ι.</span> <span class='ocrx_word' id='word_1_2' title='bbox 167 226 236 259; x_wconf 79' lang='lat' dir='ltr'><strong>ch.</strong></span> <span class='ocrx_word' id='word_1_3' title='bbox 259 226 338 258; x_wconf 72' lang='lat'><strong>402.</strong></span> <span class='ocrx_word' id='word_1_4' title='bbox 364 225 442 258; x_wconf 77' lang='lat'><strong>⁴01.</strong></span> 
     </span>
    </p>
   </div>
   <div class='ocr_carea' id='block_1_2' title="bbox 738 212 1250 255">
    <p class='ocr_par' dir='ltr' id='par_1_2' title="bbox 738 212 1250 255">
     <span class='ocr_line' id='line_1_2' title="bbox 738 212 1250 255; baseline 0 -2"><span class='ocrx_word' id='word_1_5' title='bbox 738 212 895 255; x_wconf 83' lang='lat' dir='ltr'>LIBER</span> <span class='ocrx_word' id='word_1_6' title='bbox 928 212 980 253; x_wconf 89' lang='lat' dir='ltr'>V.</span> <span class='ocrx_word' id='word_1_7' title='bbox 1042 212 1159 253; x_wconf 77' lang='lat' dir='ltr'><strong>CAP.</strong></span> <span class='ocrx_word' id='word_1_8' title='bbox 1187 214 1250 253; x_wconf 95' lang='grc'>10.</span> 
     </span>
    </p>
   </div>
   <div class='ocr_carea' id='block_1_3' title="bbox 1767 217 1869 265">
    <p class='ocr_par' dir='ltr' id='par_1_3' title="bbox 1767 217 1869 265">
     <span class='ocr_line' id='line_1_3' title="bbox 1767 217 1869 265; baseline 0 0"><span class='ocrx_word' id='word_1_9' title='bbox 1767 217 1869 265; x_wconf 83' lang='grc'>279</span> 
     </span>
    </p>
   </div>
   <div class='ocr_carea' id='block_1_4' title="bbox 99 339 1969 1461">
    <p class='ocr_par' dir='ltr' id='par_1_4' title="bbox 99 339 1969 1461">
     <span class='ocr_line' id='line_1_4' title="bbox 247 339 1969 404; baseline 0.001 -13"><span class='ocrx_word' id='word_1_10' title='bbox 247 341 298 391; x_wconf 90' lang='lat' dir='ltr'>L.</span> <span class='ocrx_word' id='word_1_11' title='bbox 326 340 512 392; x_wconf 88' lang='lat' dir='ltr'>Valerio</span> <span class='ocrx_word' id='word_1_12' title='bbox 540 340 701 390; x_wconf 83' lang='lat' dir='ltr'>Potito</span> <span class='ocrx_word' id='word_1_13' title='bbox 730 346 953 404; x_wconf 85' lang='lat' dir='ltr'>quartum</span> <span class='ocrx_word' id='word_1_14' title='bbox 981 340 1042 389; x_wconf 86' lang='grc' dir='ltr'>Μ.</span> <span class='ocrx_word' id='word_1_15' title='bbox 1072 339 1217 389; x_wconf 86' lang='lat' dir='ltr'>Furio</span> <span class='ocrx_word' id='word_1_16' title='bbox 1242 341 1439 390; x_wconf 86' lang='lat' dir='ltr'>Camillo</span> <span class='ocrx_word' id='word_1_17' title='bbox 1469 343 1641 391; x_wconf 91' lang='lat' dir='ltr'>iterum</span> <span class='ocrx_word' id='word_1_18' title='bbox 1665 342 1746 392; x_wconf 83' lang='grc' dir='ltr'>Μ’.</span> <span class='ocrx_word' id='word_1_19' title='bbox 1770 343 1862 392; x_wconf 79' lang='lat' dir='ltr'>Ae·</span> <span class='ocrx_word' id='word_1_20' title='bbox 1905 345 1969 393; x_wconf 89' lang='grc'>10</span> 
     </span>
     <span class='ocr_line' id='line_1_5' title="bbox 103 410 1869 462; baseline 0 0"><span class='ocrx_word' id='word_1_21' title='bbox 103 411 236 462; x_wconf 90' lang='lat' dir='ltr'>milio</span> <span class='ocrx_word' id='word_1_22' title='bbox 265 412 508 462; x_wconf 81' lang='lat' dir='ltr'><strong>Mamerco</strong></span> <span class='ocrx_word' id='word_1_23' title='bbox 534 411 729 460; x_wconf 89' lang='lat' dir='ltr'>tertium</span> <span class='ocrx_word' id='word_1_24' title='bbox 757 410 841 459; x_wconf 90' lang='lat' dir='ltr'>Cn.</span> <span class='ocrx_word' id='word_1_25' title='bbox 866 410 1089 459; x_wconf 90' lang='lat' dir='ltr'>Cornelio</span> <span class='ocrx_word' id='word_1_26' title='bbox 1112 410 1268 458; x_wconf 87' lang='lat' dir='ltr'>Cosso</span> <span class='ocrx_word' id='word_1_27' title='bbox 1300 412 1472 460; x_wconf 86' lang='lat' dir='ltr'>iterum</span> <span class='ocrx_word' id='word_1_28' title='bbox 1503 414 1554 461; x_wconf 82' lang='lat' dir='ltr'><strong>K.</strong></span> <span class='ocrx_word' id='word_1_29' title='bbox 1580 413 1725 462; x_wconf 80' lang='lat' dir='ltr'>Fabio</span> <span class='ocrx_word' id='word_1_30' title='bbox 1750 416 1869 462; x_wconf 78' lang='lat' dir='ltr'>Am-</span> 
     </span>
     <span class='ocr_line' id='line_1_6' title="bbox 103 481 1867 545; baseline 0 -13"><span class='ocrx_word' id='word_1_31' title='bbox 103 482 249 532; x_wconf 81' lang='lat' dir='ltr'><strong>busto</strong></span> <span class='ocrx_word' id='word_1_32' title='bbox 284 482 335 531; x_wconf 93' lang='lat' dir='ltr'><strong>L.</strong></span> <span class='ocrx_word' id='word_1_33' title='bbox 371 481 490 530; x_wconf 90' lang='lat' dir='ltr'>Iulio</span> <span class='ocrx_word' id='word_1_34' title='bbox 527 481 628 530; x_wconf 94' lang='lat' dir='ltr'>lulo</span> <span class='ocrx_word' id='word_1_35' title='bbox 673 481 880 530; x_wconf 88' lang='lat' dir='ltr'>tribunis</span> <span class='ocrx_word' id='word_1_36' title='bbox 928 481 1130 530; x_wconf 88' lang='lat' dir='ltr'>militum</span> <span class='ocrx_word' id='word_1_37' title='bbox 1164 481 1404 529; x_wconf 90' lang='lat' dir='ltr'>consulari</span> <span class='ocrx_word' id='word_1_38' title='bbox 1442 491 1683 545; x_wconf 84' lang='lat' dir='ltr'>potestate</span> <span class='ocrx_word' id='word_1_39' title='bbox 1719 485 1867 533; x_wconf 90' lang='lat' dir='ltr'>multa</span> 
     </span>
     <span class='ocr_line' id='line_1_7' title="bbox 104 550 1930 616; baseline 0.001 -15"><span class='ocrx_word' id='word_1_40' title='bbox 104 552 238 602; x_wconf 90' lang='lat' dir='ltr'>domi</span> <span class='ocrx_word' id='word_1_41' title='bbox 265 550 554 616; x_wconf 89' lang='lat' dir='ltr'>militiaeque</span> <span class='ocrx_word' id='word_1_42' title='bbox 581 558 725 615; x_wconf 87' lang='lat' dir='ltr'>gesta.</span> <span class='ocrx_word' id='word_1_43' title='bbox 770 567 881 600; x_wconf 87' lang='lat' dir='ltr'>nam</span> <span class='ocrx_word' id='word_1_44' title='bbox 910 558 957 599; x_wconf 91' lang='lat' dir='ltr'>et</span> <span class='ocrx_word' id='word_1_45' title='bbox 976 551 1150 599; x_wconf 89' lang='lat' dir='ltr'>bellum</span> <span class='ocrx_word' id='word_1_46' title='bbox 1173 552 1418 614; x_wconf 73' lang='lat' dir='ltr'>multiplex</span> <span class='ocrx_word' id='word_1_47' title='bbox 1440 552 1529 600; x_wconf 82' lang='lat' dir='ltr'>suit</span> <span class='ocrx_word' id='word_1_48' title='bbox 1549 554 1717 601; x_wconf 82' lang='lat' dir='ltr'>eodem</span> <span class='ocrx_word' id='word_1_49' title='bbox 1743 561 1866 602; x_wconf 87' lang='lat' dir='ltr'>tem-</span> <span class='ocrx_word' id='word_1_50' title='bbox 1905 563 1930 603; x_wconf 86' lang='lat'><strong>2</strong></span> 
     </span>
     <span class='ocr_line' id='line_1_8' title="bbox 102 621 1870 687; baseline 0.001 -17"><span class='ocrx_word' id='word_1_51' title='bbox 102 637 247 687; x_wconf 88' lang='lat' dir='ltr'>pore,</span> <span class='ocrx_word' id='word_1_52' title='bbox 285 621 343 670; x_wconf 91' lang='lat' dir='ltr'>ad</span> <span class='ocrx_word' id='word_1_53' title='bbox 372 622 514 670; x_wconf 83' lang='lat' dir='ltr'>Veios</span> <span class='ocrx_word' id='word_1_54' title='bbox 559 629 605 670; x_wconf 91' lang='lat' dir='ltr'>et</span> <span class='ocrx_word' id='word_1_55' title='bbox 639 622 696 671; x_wconf 86' lang='lat' dir='ltr'>ad</span> <span class='ocrx_word' id='word_1_56' title='bbox 727 624 970 685; x_wconf 79' lang='lat' dir='ltr'>Capenam</span> <span class='ocrx_word' id='word_1_57' title='bbox 1010 628 1058 670; x_wconf 92' lang='lat' dir='ltr'>et</span> <span class='ocrx_word' id='word_1_58' title='bbox 1089 622 1145 669; x_wconf 90' lang='lat' dir='ltr'>ad</span> <span class='ocrx_word' id='word_1_59' title='bbox 1175 621 1387 670; x_wconf 81' lang='lat' dir='ltr'>Falerios</span> <span class='ocrx_word' id='word_1_60' title='bbox 1424 630 1470 670; x_wconf 90' lang='lat' dir='ltr'>et</span> <span class='ocrx_word' id='word_1_61' title='bbox 1498 624 1544 670; x_wconf 90' lang='lat' dir='ltr'>in</span> <span class='ocrx_word' id='word_1_62' title='bbox 1576 624 1782 680; x_wconf 45' lang='lat' dir='ltr'>Volsci&amp;</span> <span class='ocrx_word' id='word_1_63' title='bbox 1818 631 1870 671; x_wconf 93' lang='lat' dir='ltr'>ut</span> 
     </span>
     <span class='ocr_line' id='line_1_9' title="bbox 102 692 1930 756; baseline -0.001 -14"><span class='ocrx_word' id='word_1_64' title='bbox 102 694 270 742; x_wconf 86' lang='lat' dir='ltr'>Anxur</span> <span class='ocrx_word' id='word_1_65' title='bbox 303 692 361 741; x_wconf 90' lang='lat' dir='ltr'>ab</span> <span class='ocrx_word' id='word_1_66' title='bbox 389 692 613 742; x_wconf 81' lang='lat' dir='ltr'>hostibus</span> <span class='ocrx_word' id='word_1_67' title='bbox 641 699 1034 756; x_wconf 82' lang='lat' dir='ltr'>recuperaretur,</span> <span class='ocrx_word' id='word_1_68' title='bbox 1070 699 1116 740; x_wconf 88' lang='lat' dir='ltr'>et</span> <span class='ocrx_word' id='word_1_69' title='bbox 1142 692 1324 740; x_wconf 77' lang='lat' dir='ltr'>Romae</span> <span class='ocrx_word' id='word_1_70' title='bbox 1351 693 1494 741; x_wconf 90' lang='lat' dir='ltr'>simul</span> <span class='ocrx_word' id='word_1_71' title='bbox 1522 693 1693 741; x_wconf 87' lang='lat' dir='ltr'>dilectu</span> <span class='ocrx_word' id='word_1_72' title='bbox 1723 694 1868 741; x_wconf 89' lang='lat' dir='ltr'>simul</span> <span class='ocrx_word' id='word_1_73' title='bbox 1906 701 1930 740; x_wconf 88' lang='lat'>3</span> 
     </span>
     <span class='ocr_line' id='line_1_10' title="bbox 102 762 1869 827; baseline -0.001 -15"><span class='ocrx_word' id='word_1_74' title='bbox 102 762 287 812; x_wconf 88' lang='lat' dir='ltr'>tributo</span> <span class='ocrx_word' id='word_1_75' title='bbox 316 763 610 812; x_wconf 85' lang='lat' dir='ltr'>conferendo</span> <span class='ocrx_word' id='word_1_76' title='bbox 638 763 906 811; x_wconf 89' lang='lat' dir='ltr'>laboratum</span> <span class='ocrx_word' id='word_1_77' title='bbox 935 769 1023 821; x_wconf 89' lang='lat' dir='ltr'>est,</span> <span class='ocrx_word' id='word_1_78' title='bbox 1053 770 1099 810; x_wconf 86' lang='lat' dir='ltr'>et</span> <span class='ocrx_word' id='word_1_79' title='bbox 1125 762 1182 809; x_wconf 91' lang='lat' dir='ltr'>de</span> <span class='ocrx_word' id='word_1_80' title='bbox 1203 763 1412 811; x_wconf 86' lang='lat' dir='ltr'>tribunis</span> <span class='ocrx_word' id='word_1_81' title='bbox 1434 762 1557 826; x_wconf 85' lang='lat' dir='ltr'>plebi</span> <span class='ocrx_word' id='word_1_82' title='bbox 1580 764 1869 827; x_wconf 85' lang='lat' dir='ltr'>cooptandis</span> 
     </span>
     <span class='ocr_line' id='line_1_11' title="bbox 104 833 1869 897; baseline -0.001 -15"><span class='ocrx_word' id='word_1_83' title='bbox 104 833 352 882; x_wconf 90' lang='lat' dir='ltr'>contentio</span> <span class='ocrx_word' id='word_1_84' title='bbox 391 833 502 893; x_wconf 78' lang='lat' dir='ltr'>fuit,</span> <span class='ocrx_word' id='word_1_85' title='bbox 538 841 584 882; x_wconf 88' lang='lat' dir='ltr'>et</span> <span class='ocrx_word' id='word_1_86' title='bbox 619 834 745 882; x_wconf 83' lang='lat' dir='ltr'>baud</span> <span class='ocrx_word' id='word_1_87' title='bbox 777 849 977 897; x_wconf 90' lang='lat' dir='ltr'>parvum</span> <span class='ocrx_word' id='word_1_88' title='bbox 1006 839 1193 881; x_wconf 89' lang='lat' dir='ltr'>motum</span> <span class='ocrx_word' id='word_1_89' title='bbox 1225 833 1321 882; x_wconf 91' lang='lat' dir='ltr'>duo</span> <span class='ocrx_word' id='word_1_90' title='bbox 1351 833 1522 882; x_wconf 89' lang='lat' dir='ltr'>iudicia</span> <span class='ocrx_word' id='word_1_91' title='bbox 1552 849 1751 890; x_wconf 91' lang='lat' dir='ltr'>eorum,</span> <span class='ocrx_word' id='word_1_92' title='bbox 1790 834 1869 896; x_wconf 88' lang='lat' dir='ltr'>qui</span> 
     </span>
     <span class='ocr_line' id='line_1_12' title="bbox 102 903 1869 968; baseline 0 -16"><span class='ocrx_word' id='word_1_93' title='bbox 102 903 246 968; x_wconf 88' lang='lat' dir='ltr'>paulo</span> <span class='ocrx_word' id='word_1_94' title='bbox 279 909 390 952; x_wconf 85' lang='lat' dir='ltr'>ante</span> <span class='ocrx_word' id='word_1_95' title='bbox 428 904 671 953; x_wconf 91' lang='lat' dir='ltr'>consulari</span> <span class='ocrx_word' id='word_1_96' title='bbox 708 911 950 968; x_wconf 81' lang='lat' dir='ltr'>potestate</span> <span class='ocrx_word' id='word_1_97' title='bbox 975 903 1189 959; x_wconf 81' lang='lat' dir='ltr'>fuerant,</span> <span class='ocrx_word' id='word_1_98' title='bbox 1229 905 1457 952; x_wconf 84' lang='lat' dir='ltr'>excivere.</span> <span class='ocrx_word' id='word_1_99' title='bbox 1512 904 1731 952; x_wconf 91' lang='lat' dir='ltr'>omnium</span> <span class='ocrx_word' id='word_1_100' title='bbox 1762 905 1869 967; x_wconf 84' lang='lat' dir='ltr'>pri-</span> 
     </span>
     <span class='ocr_line' id='line_1_13' title="bbox 101 974 1868 1031; baseline -0.001 -9"><span class='ocrx_word' id='word_1_101' title='bbox 101 988 238 1023; x_wconf 89' lang='lat' dir='ltr'>mum</span> <span class='ocrx_word' id='word_1_102' title='bbox 271 974 480 1024; x_wconf 88' lang='lat' dir='ltr'>tribunis</span> <span class='ocrx_word' id='word_1_103' title='bbox 515 975 722 1024; x_wconf 86' lang='lat' dir='ltr'>militum</span> <span class='ocrx_word' id='word_1_104' title='bbox 758 975 850 1023; x_wconf 86' lang='lat' dir='ltr'>fuit</span> <span class='ocrx_word' id='word_1_105' title='bbox 876 975 1100 1023; x_wconf 83' lang='lat' dir='ltr'>dilectum</span> <span class='ocrx_word' id='word_1_106' title='bbox 1131 974 1317 1031; x_wconf 87' lang='lat' dir='ltr'>haberi,</span> <span class='ocrx_word' id='word_1_107' title='bbox 1358 990 1447 1022; x_wconf 88' lang='lat' dir='ltr'>nec</span> <span class='ocrx_word' id='word_1_108' title='bbox 1472 975 1689 1023; x_wconf 90' lang='lat' dir='ltr'>iuniores</span> <span class='ocrx_word' id='word_1_109' title='bbox 1719 974 1868 1022; x_wconf 89' lang='lat' dir='ltr'>modo</span> 
     </span>
     <span class='ocr_line' id='line_1_14' title="bbox 103 1044 1866 1109; baseline -0.001 -16"><span class='ocrx_word' id='word_1_110' title='bbox 103 1044 392 1109; x_wconf 84' lang='lat' dir='ltr'>conscripti,</span> <span class='ocrx_word' id='word_1_111' title='bbox 429 1045 513 1094; x_wconf 91' lang='lat' dir='ltr'>sed</span> <span class='ocrx_word' id='word_1_112' title='bbox 543 1045 762 1094; x_wconf 79' lang='lat' dir='ltr'>seniores</span> <span class='ocrx_word' id='word_1_113' title='bbox 790 1046 933 1094; x_wconf 88' lang='lat' dir='ltr'>etiam</span> <span class='ocrx_word' id='word_1_114' title='bbox 964 1045 1114 1093; x_wconf 88' lang='lat' dir='ltr'>coacti</span> <span class='ocrx_word' id='word_1_115' title='bbox 1143 1045 1341 1092; x_wconf 89' lang='lat' dir='ltr'>nomina</span> <span class='ocrx_word' id='word_1_116' title='bbox 1370 1046 1504 1101; x_wconf 90' lang='lat' dir='ltr'>dare,</span> <span class='ocrx_word' id='word_1_117' title='bbox 1544 1053 1597 1093; x_wconf 90' lang='lat' dir='ltr'>ut</span> <span class='ocrx_word' id='word_1_118' title='bbox 1624 1045 1756 1093; x_wconf 87' lang='lat' dir='ltr'>urbis</span> <span class='ocrx_word' id='word_1_119' title='bbox 1785 1060 1866 1092; x_wconf 92' lang='lat' dir='ltr'>cu-</span> 
     </span>
     <span class='ocr_line' id='line_1_15' title="bbox 102 1114 1870 1180; baseline -0.001 -16"><span class='ocrx_word' id='word_1_120' title='bbox 102 1114 311 1164; x_wconf 83' lang='lat' dir='ltr'>stodiam</span> <span class='ocrx_word' id='word_1_121' title='bbox 348 1123 561 1177; x_wconf 81' lang='lat' dir='ltr'>agerent.</span> <span class='ocrx_word' id='word_1_122' title='bbox 615 1124 848 1180; x_wconf 90' lang='lat' dir='ltr'>quantum</span> <span class='ocrx_word' id='word_1_123' title='bbox 885 1122 1045 1164; x_wconf 89' lang='lat' dir='ltr'>autem</span> <span class='ocrx_word' id='word_1_124' title='bbox 1080 1114 1342 1177; x_wconf 79' lang='lat' dir='ltr'>augebatur</span> <span class='ocrx_word' id='word_1_125' title='bbox 1377 1115 1582 1162; x_wconf 86' lang='lat' dir='ltr'>militum</span> <span class='ocrx_word' id='word_1_126' title='bbox 1620 1129 1870 1171; x_wconf 88' lang='lat' dir='ltr'>numerus,</span> 
     </span>
     <span class='ocr_line' id='line_1_16' title="bbox 100 1184 1867 1250; baseline -0.001 -17"><span class='ocrx_word' id='word_1_127' title='bbox 100 1190 236 1233; x_wconf 86' lang='lat' dir='ltr'>tanto</span> <span class='ocrx_word' id='word_1_128' title='bbox 281 1185 465 1235; x_wconf 87' lang='lat' dir='ltr'>maiore</span> <span class='ocrx_word' id='word_1_129' title='bbox 507 1187 710 1250; x_wconf 87' lang='lat' dir='ltr'>pecunia</span> <span class='ocrx_word' id='word_1_130' title='bbox 747 1187 795 1233; x_wconf 88' lang='lat' dir='ltr'>in</span> <span class='ocrx_word' id='word_1_131' title='bbox 832 1185 1130 1248; x_wconf 82' lang='lat' dir='ltr'>stipendium</span> <span class='ocrx_word' id='word_1_132' title='bbox 1170 1199 1296 1247; x_wconf 88' lang='lat' dir='ltr'>opus</span> <span class='ocrx_word' id='word_1_133' title='bbox 1334 1192 1459 1242; x_wconf 75' lang='lat' dir='ltr'>erat,</span> <span class='ocrx_word' id='word_1_134' title='bbox 1503 1200 1651 1247; x_wconf 88' lang='lat' dir='ltr'>eaque</span> <span class='ocrx_word' id='word_1_135' title='bbox 1686 1184 1867 1233; x_wconf 88' lang='lat' dir='ltr'>tributo</span> 
     </span>
     <span class='ocr_line' id='line_1_17' title="bbox 101 1254 1869 1317; baseline -0.001 -13"><span class='ocrx_word' id='word_1_136' title='bbox 101 1254 439 1304; x_wconf 83' lang='lat' dir='ltr'>conferebatur</span> <span class='ocrx_word' id='word_1_137' title='bbox 483 1256 643 1304; x_wconf 88' lang='lat' dir='ltr'>invitis</span> <span class='ocrx_word' id='word_1_138' title='bbox 688 1255 1055 1304; x_wconf 86' lang='lat' dir='ltr'>conferentibus</span> <span class='ocrx_word' id='word_1_139' title='bbox 1092 1254 1172 1317; x_wconf 89' lang='lat' dir='ltr'>qui</span> <span class='ocrx_word' id='word_1_140' title='bbox 1211 1254 1345 1302; x_wconf 89' lang='lat' dir='ltr'>domi</span> <span class='ocrx_word' id='word_1_141' title='bbox 1379 1254 1718 1311; x_wconf 83' lang='lat' dir='ltr'>remanebant,</span> <span class='ocrx_word' id='word_1_142' title='bbox 1759 1254 1869 1317; x_wconf 89' lang='lat' dir='ltr'>quia</span> 
     </span>
     <span class='ocr_line' id='line_1_18' title="bbox 99 1324 1868 1391; baseline -0.001 -17"><span class='ocrx_word' id='word_1_143' title='bbox 99 1325 349 1374; x_wconf 87' lang='lat' dir='ltr'>tuentibus</span> <span class='ocrx_word' id='word_1_144' title='bbox 378 1325 548 1375; x_wconf 91' lang='lat' dir='ltr'>urbem</span> <span class='ocrx_word' id='word_1_145' title='bbox 577 1342 724 1391; x_wconf 89' lang='lat' dir='ltr'>opera</span> <span class='ocrx_word' id='word_1_146' title='bbox 752 1341 947 1390; x_wconf 90' lang='lat' dir='ltr'>quoque</span> <span class='ocrx_word' id='word_1_147' title='bbox 975 1324 1166 1373; x_wconf 89' lang='lat' dir='ltr'>militari</span> <span class='ocrx_word' id='word_1_148' title='bbox 1187 1324 1510 1373; x_wconf 85' lang='lat' dir='ltr'>laborandum</span> <span class='ocrx_word' id='word_1_149' title='bbox 1533 1324 1868 1373; x_wconf 90' lang='lat' dir='ltr'>serviendum-</span> 
     </span>
     <span class='ocr_line' id='line_1_19' title="bbox 101 1394 1867 1461; baseline -0.001 -16"><span class='ocrx_word' id='word_1_150' title='bbox 101 1410 193 1460; x_wconf 89' lang='lat' dir='ltr'>que</span> <span class='ocrx_word' id='word_1_151' title='bbox 219 1396 287 1445; x_wconf 90' lang='lat' dir='ltr'>rei</span> <span class='ocrx_word' id='word_1_152' title='bbox 314 1396 531 1461; x_wconf 88' lang='lat' dir='ltr'>publicae</span> <span class='ocrx_word' id='word_1_153' title='bbox 557 1404 672 1446; x_wconf 88' lang='lat' dir='ltr'>erat.</span> <span class='ocrx_word' id='word_1_154' title='bbox 719 1397 833 1445; x_wconf 89' lang='lat' dir='ltr'>haec</span> <span class='ocrx_word' id='word_1_155' title='bbox 859 1411 946 1460; x_wconf 90' lang='lat' dir='ltr'>per</span> <span class='ocrx_word' id='word_1_156' title='bbox 971 1411 1024 1444; x_wconf 92' lang='lat' dir='ltr'>se</span> <span class='ocrx_word' id='word_1_157' title='bbox 1051 1394 1228 1458; x_wconf 84' lang='lat' dir='ltr'>gravia.</span> <span class='ocrx_word' id='word_1_158' title='bbox 1275 1395 1643 1459; x_wconf 82' lang='lat' dir='ltr'>indignioraque</span> <span class='ocrx_word' id='word_1_159' title='bbox 1662 1401 1716 1444; x_wconf 90' lang='lat' dir='ltr'>ut</span> <span class='ocrx_word' id='word_1_160' title='bbox 1735 1395 1867 1443; x_wconf 89' lang='lat' dir='ltr'>vide-</span> 
     </span>
    </p>
   </div>
   <div class='ocr_carea' id='block_1_5' title="bbox 97 1543 939 2155">
    <p class='ocr_par' dir='ltr' id='par_1_5' title="bbox 160 1543 937 1599">
     <span class='ocr_line' id='line_1_20' title="bbox 160 1543 937 1599; baseline -0.003 -9"><span class='ocrx_word' id='word_1_161' title='bbox 160 1543 346 1599; x_wconf 75' lang='lat'>10—12,</span> <span class='ocrx_word' id='word_1_162' title='bbox 379 1550 416 1589; x_wconf 91' lang='lat'>3.</span> <span class='ocrx_word' id='word_1_163' title='bbox 448 1549 594 1590; x_wconf 83' lang='lat' dir='ltr'>Inuere</span> <span class='ocrx_word' id='word_1_164' title='bbox 626 1550 937 1590; x_wconf 71' lang='lat' dir='ltr'>Verbiiltnisse.</span> 
     </span>
    </p>

    <p class='ocr_par' dir='ltr' id='par_1_6' title="bbox 97 1606 939 2155">
     <span class='ocr_line' id='line_1_21' title="bbox 160 1606 937 1654; baseline 0 -9"><span class='ocrx_word' id='word_1_165' title='bbox 160 1606 195 1646; x_wconf 93' lang='lat'><strong>1.</strong></span> <span class='ocrx_word' id='word_1_166' title='bbox 235 1606 649 1654; x_wconf 74' lang='lat' dir='ltr'>Valerio-Camillo,</span> <span class='ocrx_word' id='word_1_167' title='bbox 673 1619 706 1646; x_wconf 92' lang='lat' dir='ltr'>s.</span> <span class='ocrx_word' id='word_1_168' title='bbox 735 1607 769 1654; x_wconf 92' lang='lat'>1,</span> <span class='ocrx_word' id='word_1_169' title='bbox 794 1606 841 1654; x_wconf 79' lang='lat'>23</span> <span class='ocrx_word' id='word_1_170' title='bbox 861 1606 937 1645; x_wconf 86' lang='lat' dir='ltr'>Ca-</span> 
     </span>
     <span class='ocr_line' id='line_1_22' title="bbox 99 1661 936 1714; baseline -0.002 -11"><span class='ocrx_word' id='word_1_171' title='bbox 99 1662 237 1703; x_wconf 87' lang='lat' dir='ltr'>millus</span> <span class='ocrx_word' id='word_1_172' title='bbox 268 1663 371 1702; x_wconf 84' lang='lat' dir='ltr'>wird</span> <span class='ocrx_word' id='word_1_173' title='bbox 407 1663 445 1701; x_wconf 89' lang='lat' dir='ltr'>in</span> <span class='ocrx_word' id='word_1_174' title='bbox 479 1664 556 1702; x_wconf 88' lang='lat' dir='ltr'>den</span> <span class='ocrx_word' id='word_1_175' title='bbox 588 1661 685 1702; x_wconf 82' lang='lat' dir='ltr'>fasti</span> <span class='ocrx_word' id='word_1_176' title='bbox 709 1662 805 1714; x_wconf 86' lang='lat' dir='ltr'>Cap.</span> <span class='ocrx_word' id='word_1_177' title='bbox 830 1664 936 1701; x_wconf 89' lang='lat' dir='ltr'>ohne</span> 
     </span>
     <span class='ocr_line' id='line_1_23' title="bbox 97 1717 937 1769; baseline -0.004 -9"><span class='ocrx_word' id='word_1_178' title='bbox 97 1722 252 1760; x_wconf 77' lang='lat' dir='ltr'>iterum</span> <span class='ocrx_word' id='word_1_179' title='bbox 288 1717 529 1769; x_wconf 75' lang='lat' dir='ltr'>angeffihrt,</span> <span class='ocrx_word' id='word_1_180' title='bbox 571 1719 709 1758; x_wconf 87' lang='lat' dir='ltr'>dieses</span> <span class='ocrx_word' id='word_1_181' title='bbox 746 1720 837 1758; x_wconf 84' lang='lat' dir='ltr'>also</span> <span class='ocrx_word' id='word_1_182' title='bbox 874 1719 937 1757; x_wconf 85' lang='lat' dir='ltr'>als</span> 
     </span>
     <span class='ocr_line' id='line_1_24' title="bbox 101 1772 936 1825; baseline -0.001 -10"><span class='ocrx_word' id='word_1_183' title='bbox 101 1776 174 1815; x_wconf 85' lang='lat' dir='ltr'>das</span> <span class='ocrx_word' id='word_1_184' title='bbox 205 1781 320 1815; x_wconf 90' lang='lat' dir='ltr'>erste</span> <span class='ocrx_word' id='word_1_185' title='bbox 343 1772 685 1825; x_wconf 74' lang='lat' dir='ltr'>Kriegstribunat</span> <span class='ocrx_word' id='word_1_186' title='bbox 715 1774 936 1814; x_wconf 77' lang='lat' dir='ltr'>desselben</span> 
     </span>
     <span class='ocr_line' id='line_1_25' title="bbox 99 1830 935 1882; baseline -0.002 -10"><span class='ocrx_word' id='word_1_187' title='bbox 99 1832 351 1882; x_wconf 60' lang='lat' dir='ltr'>benachtet,</span> <span class='ocrx_word' id='word_1_188' title='bbox 374 1845 408 1871; x_wconf 90' lang='lat' dir='ltr'>s.</span> <span class='ocrx_word' id='word_1_189' title='bbox 431 1844 465 1871; x_wconf 86' lang='lat' dir='ltr'><strong>c.</strong></span> <span class='ocrx_word' id='word_1_190' title='bbox 494 1831 535 1879; x_wconf 77' lang='lat'>13</span> <span class='ocrx_word' id='word_1_191' title='bbox 567 1832 627 1871; x_wconf 89' lang='grc'>14.</span> <span class='ocrx_word' id='word_1_192' title='bbox 673 1830 814 1882; x_wconf 62' lang='lat' dir='ltr'>Mam„</span> <span class='ocrx_word' id='word_1_193' title='bbox 839 1845 872 1870; x_wconf 90' lang='lat' dir='ltr'><strong>c.</strong></span> <span class='ocrx_word' id='word_1_194' title='bbox 902 1832 935 1870; x_wconf 93' lang='lat' dir='ltr'>l.</span> 
     </span>
     <span class='ocr_line' id='line_1_26' title="bbox 103 1886 939 1938; baseline -0.002 -9"><span class='ocrx_word' id='word_1_195' title='bbox 103 1887 294 1929; x_wconf 75' lang='lat' dir='ltr'>Cornelio</span> <span class='ocrx_word' id='word_1_196' title='bbox 317 1889 356 1928; x_wconf 91' lang='lat' dir='ltr'>in</span> <span class='ocrx_word' id='word_1_197' title='bbox 381 1889 457 1927; x_wconf 86' lang='lat' dir='ltr'>den</span> <span class='ocrx_word' id='word_1_198' title='bbox 477 1886 651 1938; x_wconf 85' lang='lat' dir='ltr'>f.c.ll!,</span> <span class='ocrx_word' id='word_1_199' title='bbox 675 1901 721 1928; x_wconf 91' lang='lat' dir='ltr'>so</span> <span class='ocrx_word' id='word_1_200' title='bbox 744 1889 840 1928; x_wconf 86' lang='lat' dir='ltr'>dass</span> <span class='ocrx_word' id='word_1_201' title='bbox 863 1889 939 1927; x_wconf 87' lang='lat' dir='ltr'>der</span> 
     </span>
     <span class='ocr_line' id='line_1_27' title="bbox 100 1944 938 1995; baseline -0.001 -10"><span class='ocrx_word' id='word_1_202' title='bbox 100 1945 146 1986; x_wconf 91' lang='lat' dir='ltr'>L.</span> <span class='ocrx_word' id='word_1_203' title='bbox 181 1945 226 1992; x_wconf 82' lang='lat'>4,</span> <span class='ocrx_word' id='word_1_204' title='bbox 264 1944 316 1984; x_wconf 82' lang='lat'>58</span> <span class='ocrx_word' id='word_1_205' title='bbox 347 1958 386 1984; x_wconf 91' lang='lat' dir='ltr'>u.</span> <span class='ocrx_word' id='word_1_206' title='bbox 409 1944 457 1983; x_wconf 84' lang='grc'>61</span> <span class='ocrx_word' id='word_1_207' title='bbox 498 1951 707 1995; x_wconf 81' lang='lat' dir='ltr'>genannte</span> <span class='ocrx_word' id='word_1_208' title='bbox 743 1945 938 1984; x_wconf 85' lang='lat' dir='ltr'>derselbe</span> 
     </span>
     <span class='ocr_line' id='line_1_28' title="bbox 102 2000 938 2052; baseline -0.002 -10"><span class='ocrx_word' id='word_1_209' title='bbox 102 2002 176 2050; x_wconf 80' lang='lat' dir='ltr'>ist3</span> <span class='ocrx_word' id='word_1_210' title='bbox 199 2001 331 2042; x_wconf 73' lang='lat' dir='ltr'>Fabio</span> <span class='ocrx_word' id='word_1_211' title='bbox 347 2002 449 2042; x_wconf 90' lang='lat' dir='ltr'>eben</span> <span class='ocrx_word' id='word_1_212' title='bbox 468 2001 656 2040; x_wconf 85' lang='lat' dir='ltr'>daselbst</span> <span class='ocrx_word' id='word_1_213' title='bbox 675 2000 730 2052; x_wconf 91' lang='grc' dir='ltr'>ΙΙ,</span> <span class='ocrx_word' id='word_1_214' title='bbox 754 2002 838 2052; x_wconf 81' lang='lat' dir='ltr'>s.4,</span> <span class='ocrx_word' id='word_1_215' title='bbox 862 2002 907 2040; x_wconf 87' lang='grc'>61</span> <span class='ocrx_word' id='word_1_216' title='bbox 927 2015 938 2050; x_wconf 85' lang='grc'><strong>;</strong></span> 
     </span>
     <span class='ocr_line' id='line_1_29' title="bbox 100 2057 938 2109; baseline 0 -12"><span class='ocrx_word' id='word_1_217' title='bbox 100 2059 283 2109; x_wconf 79' lang='lat' dir='ltr'>dagegen</span> <span class='ocrx_word' id='word_1_218' title='bbox 314 2058 369 2097; x_wconf 83' lang='lat' dir='ltr'>ist</span> <span class='ocrx_word' id='word_1_219' title='bbox 391 2057 525 2098; x_wconf 75' lang='lat' dir='ltr'>lulius</span> <span class='ocrx_word' id='word_1_220' title='bbox 553 2059 826 2098; x_wconf 84' lang='lat' dir='ltr'>verschieden</span> <span class='ocrx_word' id='word_1_221' title='bbox 857 2071 938 2098; x_wconf 89' lang='lat' dir='ltr'>von</span> 
     </span>
     <span class='ocr_line' id='line_1_30' title="bbox 101 2114 584 2155; baseline 0 -1"><span class='ocrx_word' id='word_1_222' title='bbox 101 2114 192 2154; x_wconf 87' lang='lat' dir='ltr'>dem</span> <span class='ocrx_word' id='word_1_223' title='bbox 215 2128 250 2155; x_wconf 92' lang='lat' dir='ltr'><strong>c.</strong></span> <span class='ocrx_word' id='word_1_224' title='bbox 276 2114 291 2154; x_wconf 90' lang='lat'><em>1</em></span> <span class='ocrx_word' id='word_1_225' title='bbox 327 2115 584 2154; x_wconf 68' lang='lat' dir='ltr'>erw&#39;zihnten.</span> 
     </span>
    </p>
   </div>
   <div class='ocr_carea' id='block_1_6' title="bbox 159 2195 939 2250">
    <p class='ocr_par' dir='ltr' id='par_1_7' title="bbox 159 2195 939 2250">
     <span class='ocr_line' id='line_1_31' title="bbox 159 2195 939 2250; baseline -0.001 -15"><span class='ocrx_word' id='word_1_226' title='bbox 159 2195 183 2235; x_wconf 85' lang='lat'><strong>2</strong></span> <span class='ocrx_word' id='word_1_227' title='bbox 205 2219 233 2225; x_wconf 98' lang='lat'>—</span> <span class='ocrx_word' id='word_1_228' title='bbox 255 2195 293 2235; x_wconf 89' lang='grc'>3.</span> <span class='ocrx_word' id='word_1_229' title='bbox 334 2196 392 2236; x_wconf 86' lang='lat' dir='ltr'>ad</span> <span class='ocrx_word' id='word_1_230' title='bbox 415 2195 514 2250; x_wconf 86' lang='lat' dir='ltr'>Cap.</span> <span class='ocrx_word' id='word_1_231' title='bbox 537 2195 655 2235; x_wconf 81' lang='lat' dir='ltr'>etad</span> <span class='ocrx_word' id='word_1_232' title='bbox 673 2195 780 2244; x_wconf 65' lang='lat' dir='ltr'>Fal„</span> <span class='ocrx_word' id='word_1_233' title='bbox 806 2196 939 2235; x_wconf 86' lang='lat' dir='ltr'>davon</span> 
     </span>
    </p>
   </div>
   <div class='ocr_carea' id='block_1_7' title="bbox 101 2252 939 2361">
    <p class='ocr_par' dir='ltr' id='par_1_8' title="bbox 101 2252 939 2361">
     <span class='ocr_line' id='line_1_32' title="bbox 101 2252 939 2298; baseline -0.001 -6"><span class='ocrx_word' id='word_1_234' title='bbox 101 2253 158 2293; x_wconf 85' lang='lat' dir='ltr'>ist</span> <span class='ocrx_word' id='word_1_235' title='bbox 192 2253 347 2292; x_wconf 80' lang='lat' dir='ltr'>vorlier</span> <span class='ocrx_word' id='word_1_236' title='bbox 389 2253 522 2292; x_wconf 75' lang='lat' dir='ltr'>niehts</span> <span class='ocrx_word' id='word_1_237' title='bbox 565 2252 793 2298; x_wconf 79' lang='lat' dir='ltr'>bericlitet;</span> <span class='ocrx_word' id='word_1_238' title='bbox 837 2253 939 2292; x_wconf 87' lang='lat' dir='ltr'>doch</span> 
     </span>
     <span class='ocr_line' id='line_1_33' title="bbox 102 2308 938 2361; baseline -0.002 -12"><span class='ocrx_word' id='word_1_239' title='bbox 102 2309 170 2360; x_wconf 78' lang='lat' dir='ltr'>lag</span> <span class='ocrx_word' id='word_1_240' title='bbox 191 2321 237 2348; x_wconf 91' lang='lat' dir='ltr'>es</span> <span class='ocrx_word' id='word_1_241' title='bbox 260 2310 384 2361; x_wconf 82' lang='lat' dir='ltr'>nahe,</span> <span class='ocrx_word' id='word_1_242' title='bbox 421 2310 517 2348; x_wconf 83' lang='lat' dir='ltr'>dass</span> <span class='ocrx_word' id='word_1_243' title='bbox 541 2309 658 2348; x_wconf 89' lang='lat' dir='ltr'>beide</span> <span class='ocrx_word' id='word_1_244' title='bbox 684 2308 843 2347; x_wconf 70' lang='lat' dir='ltr'>Volker</span> <span class='ocrx_word' id='word_1_245' title='bbox 866 2309 938 2347; x_wconf 90' lang='lat' dir='ltr'>be-</span> 
     </span>
    </p>
   </div>
   <div class='ocr_carea' id='block_1_8' title="bbox 103 2363 966 2415">
    <p class='ocr_par' dir='ltr' id='par_1_9' title="bbox 103 2363 966 2415">
     <span class='ocr_line' id='line_1_34' title="bbox 103 2363 966 2415; baseline -0.001 -10"><span class='ocrx_word' id='word_1_246' title='bbox 103 2363 303 2415; x_wconf 66' lang='lat' dir='ltr'>scbfil&#39;tigt</span> <span class='ocrx_word' id='word_1_247' title='bbox 323 2366 493 2405; x_wconf 88' lang='lat' dir='ltr'>wurden</span> <span class='ocrx_word' id='word_1_248' title='bbox 518 2378 582 2404; x_wconf 91' lang='lat' dir='ltr'>um</span> <span class='ocrx_word' id='word_1_249' title='bbox 607 2366 667 2404; x_wconf 88' lang='lat' dir='ltr'>sie</span> <span class='ocrx_word' id='word_1_250' title='bbox 690 2365 939 2404; x_wconf 85' lang='lat' dir='ltr'>abzuhalten</span> <span class='ocrx_word' id='word_1_251' title='bbox 963 2394 966 2397; x_wconf 85' lang='lat'><em>-</em></span> 
     </span>
    </p>
   </div>
   <div class='ocr_carea' id='block_1_9' title="bbox 97 2420 942 2981">
    <p class='ocr_par' dir='ltr' id='par_1_10' title="bbox 97 2420 942 2981">
     <span class='ocr_line' id='line_1_35' title="bbox 102 2420 939 2474; baseline 0 -13"><span class='ocrx_word' id='word_1_252' title='bbox 102 2420 199 2474; x_wconf 81' lang='lat' dir='ltr'>Veji</span> <span class='ocrx_word' id='word_1_253' title='bbox 229 2420 349 2461; x_wconf 77' lang='lat' dir='ltr'>Hiilfe</span> <span class='ocrx_word' id='word_1_254' title='bbox 379 2435 429 2461; x_wconf 94' lang='lat' dir='ltr'>zu</span> <span class='ocrx_word' id='word_1_255' title='bbox 461 2421 649 2472; x_wconf 84' lang='lat' dir='ltr'>bringen.</span> <span class='ocrx_word' id='word_1_256' title='bbox 679 2444 734 2450; x_wconf 90' lang='lat'>—</span> <span class='ocrx_word' id='word_1_257' title='bbox 764 2424 939 2469; x_wconf 63' lang='lat' dir='ltr'>Anxur,</span> 
     </span>
     <span class='ocr_line' id='line_1_36' title="bbox 103 2477 942 2527; baseline 0 -10"><span class='ocrx_word' id='word_1_258' title='bbox 103 2491 139 2517; x_wconf 86' lang='lat' dir='ltr'><strong>c.</strong></span> <span class='ocrx_word' id='word_1_259' title='bbox 176 2477 214 2517; x_wconf 87' lang='lat'>8.</span> <span class='ocrx_word' id='word_1_260' title='bbox 242 2499 298 2506; x_wconf 92' lang='lat'><strong>—</strong></span> <span class='ocrx_word' id='word_1_261' title='bbox 335 2480 513 2527; x_wconf 80' lang='lat' dir='ltr'>tribulo,</span> <span class='ocrx_word' id='word_1_262' title='bbox 556 2479 693 2518; x_wconf 85' lang='lat' dir='ltr'>dieses</span> <span class='ocrx_word' id='word_1_263' title='bbox 730 2479 942 2518; x_wconf 84' lang='lat' dir='ltr'>erscheint</span> 
     </span>
     <span class='ocr_line' id='line_1_37' title="bbox 97 2533 940 2586; baseline 0 -12"><span class='ocrx_word' id='word_1_264' title='bbox 97 2534 212 2586; x_wconf 82' lang='lat' dir='ltr'>jetzt</span> <span class='ocrx_word' id='word_1_265' title='bbox 232 2534 295 2573; x_wconf 82' lang='lat' dir='ltr'>als</span> <span class='ocrx_word' id='word_1_266' title='bbox 318 2533 467 2586; x_wconf 88' lang='lat' dir='ltr'>Quelle</span> <span class='ocrx_word' id='word_1_267' title='bbox 490 2535 565 2574; x_wconf 88' lang='lat' dir='ltr'>der</span> <span class='ocrx_word' id='word_1_268' title='bbox 580 2534 843 2585; x_wconf 84' lang='lat' dir='ltr'>Verarmung</span> <span class='ocrx_word' id='word_1_269' title='bbox 865 2536 940 2574; x_wconf 89' lang='lat' dir='ltr'>der</span> 
     </span>
     <span class='ocr_line' id='line_1_38' title="bbox 102 2590 939 2639; baseline 0.001 -9"><span class='ocrx_word' id='word_1_270' title='bbox 102 2590 240 2630; x_wconf 87' lang='lat' dir='ltr'>Plebs.</span> <span class='ocrx_word' id='word_1_271' title='bbox 261 2612 319 2619; x_wconf 93' lang='lat'>—</span> <span class='ocrx_word' id='word_1_272' title='bbox 339 2591 576 2631; x_wconf 74' lang='lat' dir='ltr'>laboratum</span> <span class='ocrx_word' id='word_1_273' title='bbox 598 2593 681 2639; x_wconf 72' lang='lat' dir='ltr'>est,</span> <span class='ocrx_word' id='word_1_274' title='bbox 711 2603 800 2630; x_wconf 89' lang='lat' dir='ltr'>man</span> <span class='ocrx_word' id='word_1_275' title='bbox 825 2592 939 2631; x_wconf 84' lang='lat' dir='ltr'>hatte</span> 
     </span>
     <span class='ocr_line' id='line_1_39' title="bbox 103 2646 938 2696; baseline 0.001 -9"><span class='ocrx_word' id='word_1_276' title='bbox 103 2648 231 2687; x_wconf 79' lang='lat' dir='ltr'>damit</span> <span class='ocrx_word' id='word_1_277' title='bbox 270 2647 386 2686; x_wconf 86' lang='lat' dir='ltr'>seine</span> <span class='ocrx_word' id='word_1_278' title='bbox 423 2646 554 2696; x_wconf 84' lang='lat' dir='ltr'>Notb,</span> <span class='ocrx_word' id='word_1_279' title='bbox 601 2646 755 2686; x_wconf 82' lang='lat' dir='ltr'>konnte</span> <span class='ocrx_word' id='word_1_280' title='bbox 796 2647 938 2688; x_wconf 81' lang='lat' dir='ltr'>beides</span> 
     </span>
     <span class='ocr_line' id='line_1_40' title="bbox 103 2703 940 2759; baseline 0.002 -16"><span class='ocrx_word' id='word_1_281' title='bbox 103 2703 223 2743; x_wconf 77' lang='lat' dir='ltr'>kaum</span> <span class='ocrx_word' id='word_1_282' title='bbox 254 2717 305 2743; x_wconf 88' lang='lat' dir='ltr'>zu</span> <span class='ocrx_word' id='word_1_283' title='bbox 336 2704 492 2743; x_wconf 82' lang='lat' dir='ltr'>Stande</span> <span class='ocrx_word' id='word_1_284' title='bbox 530 2704 715 2753; x_wconf 82' lang='lat' dir='ltr'>bringen.</span> <span class='ocrx_word' id='word_1_285' title='bbox 739 2725 795 2732; x_wconf 90' lang='lat'>—</span> <span class='ocrx_word' id='word_1_286' title='bbox 816 2718 940 2759; x_wconf 83' lang='lat' dir='ltr'>coop-</span> 
     </span>
     <span class='ocr_line' id='line_1_41' title="bbox 104 2759 939 2813; baseline 0 -13"><span class='ocrx_word' id='word_1_287' title='bbox 104 2760 257 2810; x_wconf 67' lang='lat' dir='ltr'>tandit,</span> <span class='ocrx_word' id='word_1_288' title='bbox 280 2759 318 2812; x_wconf 87' lang='lat'>3,</span> <span class='ocrx_word' id='word_1_289' title='bbox 339 2760 405 2813; x_wconf 82' lang='grc'>64,</span> <span class='ocrx_word' id='word_1_290' title='bbox 426 2762 464 2799; x_wconf 79' lang='grc'>9.</span> <span class='ocrx_word' id='word_1_291' title='bbox 488 2783 545 2789; x_wconf 82' lang='grc'><strong>-</strong></span> <span class='ocrx_word' id='word_1_292' title='bbox 566 2773 713 2800; x_wconf 83' lang='lat' dir='ltr'>eorum</span> <span class='ocrx_word' id='word_1_293' title='bbox 735 2762 820 2812; x_wconf 85' lang='lat' dir='ltr'>qui,</span> <span class='ocrx_word' id='word_1_294' title='bbox 842 2774 876 2800; x_wconf 91' lang='lat' dir='ltr'><strong>c.</strong></span> <span class='ocrx_word' id='word_1_295' title='bbox 899 2761 939 2811; x_wconf 84' lang='lat'>8,</span> 
     </span>
     <span class='ocr_line' id='line_1_42' title="bbox 105 2816 940 2870; baseline 0.002 -14"><span class='ocrx_word' id='word_1_296' title='bbox 105 2816 253 2866; x_wconf 77' lang='lat'>9311,</span> <span class='ocrx_word' id='word_1_297' title='bbox 281 2817 322 2856; x_wconf 90' lang='grc'>4.</span> <span class='ocrx_word' id='word_1_298' title='bbox 344 2839 401 2846; x_wconf 82' lang='grc'><strong>-</strong></span> <span class='ocrx_word' id='word_1_299' title='bbox 422 2830 535 2857; x_wconf 83' lang='lat' dir='ltr'>cons.</span> <span class='ocrx_word' id='word_1_300' title='bbox 557 2831 621 2870; x_wconf 73' lang='lat' dir='ltr'>p..</span> <span class='ocrx_word' id='word_1_301' title='bbox 644 2830 679 2855; x_wconf 87' lang='lat' dir='ltr'><strong>c.</strong></span> <span class='ocrx_word' id='word_1_302' title='bbox 705 2816 749 2864; x_wconf 89' lang='lat'>2,</span> <span class='ocrx_word' id='word_1_303' title='bbox 781 2817 829 2866; x_wconf 85' lang='lat'>9,</span> <span class='ocrx_word' id='word_1_304' title='bbox 861 2820 940 2858; x_wconf 76' lang='lat' dir='ltr'>tri-</span> 
     </span>
     <span class='ocr_line' id='line_1_43' title="bbox 104 2872 938 2914; baseline 0 0"><span class='ocrx_word' id='word_1_305' title='bbox 104 2875 208 2914; x_wconf 77' lang='lat' dir='ltr'>huni</span> <span class='ocrx_word' id='word_1_306' title='bbox 222 2872 404 2913; x_wconf 69' lang='lat' dir='ltr'>militum</span> <span class='ocrx_word' id='word_1_307' title='bbox 432 2874 487 2913; x_wconf 84' lang='lat' dir='ltr'>ist</span> <span class='ocrx_word' id='word_1_308' title='bbox 510 2873 849 2913; x_wconf 83' lang='lat' dir='ltr'>hinzuzudenken</span> <span class='ocrx_word' id='word_1_309' title='bbox 874 2874 938 2914; x_wconf 90' lang='lat' dir='ltr'>od.</span> 
     </span>
     <span class='ocr_line' id='line_1_44' title="bbox 103 2928 378 2981; baseline 0 -12"><span class='ocrx_word' id='word_1_310' title='bbox 103 2928 378 2981; x_wconf 77' lang='lat' dir='ltr'>ausgel&#39;allen.</span> 
     </span>
    </p>
   </div>
   <div class='ocr_carea' id='block_1_10' title="bbox 105 3014 944 3295">
    <p class='ocr_par' dir='ltr' id='par_1_11' title="bbox 105 3014 944 3295">
     <span class='ocr_line' id='line_1_45' title="bbox 164 3014 944 3066; baseline -0.001 -11"><span class='ocrx_word' id='word_1_311' title='bbox 164 3014 189 3054; x_wconf 83' lang='grc'>4</span> <span class='ocrx_word' id='word_1_312' title='bbox 211 3039 238 3044; x_wconf 98' lang='grc'>-</span> <span class='ocrx_word' id='word_1_313' title='bbox 261 3015 298 3055; x_wconf 84' lang='grc'>5.</span> <span class='ocrx_word' id='word_1_314' title='bbox 341 3018 546 3063; x_wconf 79' lang='lat' dir='ltr'>seniores,</span> <span class='ocrx_word' id='word_1_315' title='bbox 577 3015 614 3061; x_wconf 89' lang='lat'>3,</span> <span class='ocrx_word' id='word_1_316' title='bbox 638 3015 678 3066; x_wconf 97' lang='grc'>4,</span> <span class='ocrx_word' id='word_1_317' title='bbox 705 3015 767 3054; x_wconf 88' lang='grc'>10.</span> <span class='ocrx_word' id='word_1_318' title='bbox 791 3037 845 3043; x_wconf 88' lang='lat'>—</span> <span class='ocrx_word' id='word_1_319' title='bbox 867 3028 944 3055; x_wconf 87' lang='lat' dir='ltr'>no-</span> 
     </span>
     <span class='ocr_line' id='line_1_46' title="bbox 105 3071 942 3112; baseline 0 -1"><span class='ocrx_word' id='word_1_320' title='bbox 105 3073 222 3111; x_wconf 84' lang='lat' dir='ltr'>mina</span> <span class='ocrx_word' id='word_1_321' title='bbox 241 3071 345 3112; x_wconf 76' lang='lat' dir='ltr'>dare</span> <span class='ocrx_word' id='word_1_322' title='bbox 367 3073 423 3112; x_wconf 89' lang='lat' dir='ltr'>ist</span> <span class='ocrx_word' id='word_1_323' title='bbox 451 3072 580 3112; x_wconf 86' lang='lat' dir='ltr'>neben</span> <span class='ocrx_word' id='word_1_324' title='bbox 603 3075 740 3111; x_wconf 81' lang='lat' dir='ltr'>eoacti</span> <span class='ocrx_word' id='word_1_325' title='bbox 759 3085 836 3110; x_wconf 90' lang='lat' dir='ltr'>nur</span> <span class='ocrx_word' id='word_1_326' title='bbox 857 3072 942 3112; x_wconf 83' lang='lat' dir='ltr'>sich</span> 
     </span>
     <span class='ocr_line' id='line_1_47' title="bbox 107 3126 943 3181; baseline 0 -14"><span class='ocrx_word' id='word_1_327' title='bbox 107 3140 199 3167; x_wconf 87' lang='lat' dir='ltr'>zum</span> <span class='ocrx_word' id='word_1_328' title='bbox 222 3126 538 3179; x_wconf 72' lang='lat' dir='ltr'>Hriegsdienste</span> <span class='ocrx_word' id='word_1_329' title='bbox 560 3129 728 3178; x_wconf 83' lang='lat' dir='ltr'>stellen,</span> <span class='ocrx_word' id='word_1_330' title='bbox 758 3141 790 3168; x_wconf 94' lang='lat' dir='ltr'>s.</span> <span class='ocrx_word' id='word_1_331' title='bbox 815 3129 853 3181; x_wconf 92' lang='lat'>3,</span> <span class='ocrx_word' id='word_1_332' title='bbox 876 3128 943 3180; x_wconf 85' lang='grc'>57,</span> 
     </span>
     <span class='ocr_line' id='line_1_48' title="bbox 107 3183 941 3239; baseline 0.002 -16"><span class='ocrx_word' id='word_1_333' title='bbox 107 3183 157 3232; x_wconf 84' lang='lat'>9;</span> <span class='ocrx_word' id='word_1_334' title='bbox 179 3184 263 3235; x_wconf 76' lang='lat' dir='ltr'><strong>vgl.</strong></span> <span class='ocrx_word' id='word_1_335' title='bbox 288 3198 320 3224; x_wconf 79' lang='lat' dir='ltr'>o.</span> <span class='ocrx_word' id='word_1_336' title='bbox 347 3185 368 3224; x_wconf 92' lang='grc'>7</span> <span class='ocrx_word' id='word_1_337' title='bbox 383 3216 392 3234; x_wconf 93' lang='grc'>,</span> <span class='ocrx_word' id='word_1_338' title='bbox 418 3184 481 3225; x_wconf 90' lang='grc'>13.</span> <span class='ocrx_word' id='word_1_339' title='bbox 507 3208 561 3215; x_wconf 91' lang='grc'><strong>-</strong></span> <span class='ocrx_word' id='word_1_340' title='bbox 582 3189 787 3239; x_wconf 79' lang='lat' dir='ltr'>quantum</span> <span class='ocrx_word' id='word_1_341' title='bbox 809 3185 941 3225; x_wconf 85' lang='lat' dir='ltr'>neben</span> 
     </span>
     <span class='ocr_line' id='line_1_49' title="bbox 108 3239 941 3295; baseline 0.004 -16"><span class='ocrx_word' id='word_1_342' title='bbox 108 3239 242 3281; x_wconf 86' lang='lat' dir='ltr'>einem</span> <span class='ocrx_word' id='word_1_343' title='bbox 264 3240 431 3295; x_wconf 89' lang='lat' dir='ltr'>Worte,</span> <span class='ocrx_word' id='word_1_344' title='bbox 454 3243 526 3282; x_wconf 83' lang='lat' dir='ltr'>das</span> <span class='ocrx_word' id='word_1_345' title='bbox 549 3243 627 3282; x_wconf 87' lang='lat' dir='ltr'>den</span> <span class='ocrx_word' id='word_1_346' title='bbox 651 3242 941 3295; x_wconf 77' lang='lat' dir='ltr'>Compar-ativ-</span> 
     </span>
    </p>
   </div>
   <div class='ocr_carea' id='block_1_11' title="bbox 1016 1546 1874 3295">
    <p class='ocr_par' dir='ltr' id='par_1_12' title="bbox 1016 1546 1874 2846">
     <span class='ocr_line' id='line_1_50' title="bbox 1029 1546 1871 1599; baseline -0.001 -11"><span class='ocrx_word' id='word_1_347' title='bbox 1029 1548 1182 1597; x_wconf 80' lang='lat' dir='ltr'>begriff</span> <span class='ocrx_word' id='word_1_348' title='bbox 1195 1561 1272 1586; x_wconf 92' lang='lat' dir='ltr'>nur</span> <span class='ocrx_word' id='word_1_349' title='bbox 1289 1548 1501 1597; x_wconf 83' lang='lat' dir='ltr'>andeutet,</span> <span class='ocrx_word' id='word_1_350' title='bbox 1525 1548 1596 1587; x_wconf 90' lang='lat' dir='ltr'>mit</span> <span class='ocrx_word' id='word_1_351' title='bbox 1614 1546 1712 1599; x_wconf 80' lang='lat' dir='ltr'>solg.</span> <span class='ocrx_word' id='word_1_352' title='bbox 1736 1551 1871 1598; x_wconf 81' lang='lat' dir='ltr'>tanto,</span> 
     </span>
     <span class='ocr_line' id='line_1_51' title="bbox 1029 1603 1867 1655; baseline -0.002 -11"><span class='ocrx_word' id='word_1_353' title='bbox 1029 1618 1062 1644; x_wconf 93' lang='lat' dir='ltr'>s.</span> <span class='ocrx_word' id='word_1_354' title='bbox 1082 1605 1120 1655; x_wconf 88' lang='grc'>6,</span> <span class='ocrx_word' id='word_1_355' title='bbox 1140 1603 1206 1651; x_wconf 78' lang='lat'>38,</span> <span class='ocrx_word' id='word_1_356' title='bbox 1232 1605 1278 1648; x_wconf 67' lang='lat'>52</span> <span class='ocrx_word' id='word_1_357' title='bbox 1304 1604 1369 1652; x_wconf 82' lang='lat'>27,</span> <span class='ocrx_word' id='word_1_358' title='bbox 1389 1604 1543 1655; x_wconf 54' lang='lat'>4211,</span> <span class='ocrx_word' id='word_1_359' title='bbox 1563 1604 1647 1654; x_wconf 78' lang='lat' dir='ltr'><strong>vgl.</strong></span> <span class='ocrx_word' id='word_1_360' title='bbox 1667 1604 1706 1653; x_wconf 87' lang='lat'>3,</span> <span class='ocrx_word' id='word_1_361' title='bbox 1735 1604 1796 1653; x_wconf 81' lang='lat'>15,</span> <span class='ocrx_word' id='word_1_362' title='bbox 1821 1604 1867 1652; x_wconf 84' lang='lat'>23</span> 
     </span>
     <span class='ocr_line' id='line_1_52' title="bbox 1029 1659 1871 1714; baseline 0.001 -15"><span class='ocrx_word' id='word_1_363' title='bbox 1029 1661 1094 1711; x_wconf 87' lang='grc'>32,</span> <span class='ocrx_word' id='word_1_364' title='bbox 1119 1662 1157 1710; x_wconf 83' lang='grc'>5,</span> <span class='ocrx_word' id='word_1_365' title='bbox 1187 1660 1219 1698; x_wconf 88' lang='lat' dir='ltr'>l.</span> <span class='ocrx_word' id='word_1_366' title='bbox 1240 1683 1294 1688; x_wconf 87' lang='lat'>——</span> <span class='ocrx_word' id='word_1_367' title='bbox 1316 1660 1514 1714; x_wconf 60' lang='lat' dir='ltr'>ste&#39;pend„</span> <span class='ocrx_word' id='word_1_368' title='bbox 1539 1659 1576 1708; x_wconf 85' lang='lat'>2,</span> <span class='ocrx_word' id='word_1_369' title='bbox 1600 1662 1635 1711; x_wconf 80' lang='grc'>9,</span> <span class='ocrx_word' id='word_1_370' title='bbox 1661 1660 1698 1700; x_wconf 89' lang='grc'>6.</span> <span class='ocrx_word' id='word_1_371' title='bbox 1717 1683 1770 1688; x_wconf 86' lang='grc'><strong>-</strong></span> <span class='ocrx_word' id='word_1_372' title='bbox 1790 1663 1871 1700; x_wconf 80' lang='lat' dir='ltr'>tri-</span> 
     </span>
     <span class='ocr_line' id='line_1_53' title="bbox 1030 1716 1869 1766; baseline -0.001 -9"><span class='ocrx_word' id='word_1_373' title='bbox 1030 1720 1128 1757; x_wconf 82' lang='lat' dir='ltr'>buto</span> <span class='ocrx_word' id='word_1_374' title='bbox 1152 1729 1207 1766; x_wconf 84' lang='lat' dir='ltr'><strong>c.‚</strong></span> <span class='ocrx_word' id='word_1_375' title='bbox 1231 1716 1275 1765; x_wconf 88' lang='grc'>6,</span> <span class='ocrx_word' id='word_1_376' title='bbox 1304 1716 1374 1766; x_wconf 77' lang='lat'>14,</span> <span class='ocrx_word' id='word_1_377' title='bbox 1408 1716 1478 1756; x_wconf 81' lang='lat'>12:</span> <span class='ocrx_word' id='word_1_378' title='bbox 1503 1719 1660 1757; x_wconf 79' lang='lat' dir='ltr'>tributo</span> <span class='ocrx_word' id='word_1_379' title='bbox 1682 1716 1869 1757; x_wconf 78' lang='lat' dir='ltr'>collatio-</span> 
     </span>
     <span class='ocr_line' id='line_1_54' title="bbox 1028 1772 1874 1826; baseline 0.001 -14"><span class='ocrx_word' id='word_1_380' title='bbox 1028 1787 1123 1813; x_wconf 88' lang='lat' dir='ltr'>nem</span> <span class='ocrx_word' id='word_1_381' title='bbox 1152 1774 1351 1826; x_wconf 66' lang='lat' dir='ltr'>saetam,</span> <span class='ocrx_word' id='word_1_382' title='bbox 1392 1772 1509 1812; x_wconf 87' lang='lat' dir='ltr'>Suet.</span> <span class='ocrx_word' id='word_1_383' title='bbox 1548 1774 1652 1824; x_wconf 81' lang='lat' dir='ltr'><strong>Aug.</strong></span> <span class='ocrx_word' id='word_1_384' title='bbox 1690 1773 1764 1812; x_wconf 82' lang='lat'>30:</span> <span class='ocrx_word' id='word_1_385' title='bbox 1802 1777 1874 1826; x_wconf 79' lang='lat' dir='ltr'>qui</span> 
     </span>
     <span class='ocr_line' id='line_1_55' title="bbox 1030 1829 1872 1885; baseline -0.001 -15"><span class='ocrx_word' id='word_1_386' title='bbox 1030 1829 1143 1870; x_wconf 68' lang='lat' dir='ltr'>XVI</span> <span class='ocrx_word' id='word_1_387' title='bbox 1168 1830 1284 1869; x_wconf 76' lang='lat' dir='ltr'>milia</span> <span class='ocrx_word' id='word_1_388' title='bbox 1310 1829 1449 1885; x_wconf 82' lang='lat' dir='ltr'>pondo</span> <span class='ocrx_word' id='word_1_389' title='bbox 1478 1853 1505 1858; x_wconf 84' lang='lat'>-</span> <span class='ocrx_word' id='word_1_390' title='bbox 1527 1843 1612 1869; x_wconf 79' lang='lat' dir='ltr'>una</span> <span class='ocrx_word' id='word_1_391' title='bbox 1643 1829 1872 1869; x_wconf 75' lang='lat' dir='ltr'>donatione</span> 
     </span>
     <span class='ocr_line' id='line_1_56' title="bbox 1030 1885 1869 1937; baseline -0.001 -11"><span class='ocrx_word' id='word_1_392' title='bbox 1030 1886 1276 1926; x_wconf 76' lang='lat' dir='ltr'>contulerit:</span> <span class='ocrx_word' id='word_1_393' title='bbox 1309 1887 1373 1925; x_wconf 88' lang='lat' dir='ltr'>die</span> <span class='ocrx_word' id='word_1_394' title='bbox 1407 1885 1740 1937; x_wconf 78' lang='lat' dir='ltr'>wiederholung</span> <span class='ocrx_word' id='word_1_395' title='bbox 1770 1899 1869 1926; x_wconf 89' lang='lat' dir='ltr'>con·</span> 
     </span>
     <span class='ocr_line' id='line_1_57' title="bbox 1016 1942 1868 1996; baseline -0.001 -14"><span class='ocrx_word' id='word_1_396' title='bbox 1016 1944 1255 1996; x_wconf 73' lang='lat' dir='ltr'>serebatur·</span> <span class='ocrx_word' id='word_1_397' title='bbox 1275 1966 1303 1970; x_wconf 90' lang='lat'>—</span> <span class='ocrx_word' id='word_1_398' title='bbox 1324 1944 1657 1994; x_wconf 75' lang='lat' dir='ltr'>conserentibus,</span> <span class='ocrx_word' id='word_1_399' title='bbox 1681 1956 1715 1982; x_wconf 88' lang='lat' dir='ltr'>s.</span> <span class='ocrx_word' id='word_1_400' title='bbox 1738 1943 1777 1992; x_wconf 76' lang='lat'>4,</span> <span class='ocrx_word' id='word_1_401' title='bbox 1801 1942 1868 1993; x_wconf 88' lang='grc'>61,</span> 
     </span>
     <span class='ocr_line' id='line_1_58' title="bbox 1031 1999 1871 2048; baseline -0.001 -9"><span class='ocrx_word' id='word_1_402' title='bbox 1031 2000 1074 2039; x_wconf 87' lang='lat'>8:</span> <span class='ocrx_word' id='word_1_403' title='bbox 1113 2013 1222 2048; x_wconf 70' lang='lat' dir='ltr'>arx,</span> <span class='ocrx_word' id='word_1_404' title='bbox 1254 2000 1416 2038; x_wconf 87' lang='lat' dir='ltr'>scheint</span> <span class='ocrx_word' id='word_1_405' title='bbox 1439 2013 1475 2038; x_wconf 90' lang='lat' dir='ltr'>a.</span> <span class='ocrx_word' id='word_1_406' title='bbox 1501 2013 1539 2038; x_wconf 92' lang='lat' dir='ltr'>u.</span> <span class='ocrx_word' id='word_1_407' title='bbox 1563 1999 1625 2038; x_wconf 88' lang='lat' dir='ltr'>St.</span> <span class='ocrx_word' id='word_1_408' title='bbox 1650 1999 1871 2038; x_wconf 84' lang='lat' dir='ltr'>beabsich-</span> 
     </span>
     <span class='ocr_line' id='line_1_59' title="bbox 1031 2055 1871 2107; baseline 0 -12"><span class='ocrx_word' id='word_1_409' title='bbox 1031 2057 1120 2106; x_wconf 82' lang='lat' dir='ltr'>tigt‚</span> <span class='ocrx_word' id='word_1_410' title='bbox 1154 2069 1186 2096; x_wconf 81' lang='lat' dir='ltr'>s,</span> <span class='ocrx_word' id='word_1_411' title='bbox 1213 2055 1251 2105; x_wconf 92' lang='lat'>3,</span> <span class='ocrx_word' id='word_1_412' title='bbox 1276 2055 1343 2105; x_wconf 92' lang='grc'>37,</span> <span class='ocrx_word' id='word_1_413' title='bbox 1374 2057 1421 2097; x_wconf 82' lang='grc'>4;</span> <span class='ocrx_word' id='word_1_414' title='bbox 1446 2055 1484 2105; x_wconf 89' lang='grc'>2,</span> <span class='ocrx_word' id='word_1_415' title='bbox 1511 2055 1576 2107; x_wconf 82' lang='grc'>47,</span> <span class='ocrx_word' id='word_1_416' title='bbox 1607 2056 1678 2103; x_wconf 87' lang='grc'>10;</span> <span class='ocrx_word' id='word_1_417' title='bbox 1704 2055 1871 2105; x_wconf 70' lang='lat' dir='ltr'>Madvig</span> 
     </span>
     <span class='ocr_line' id='line_1_60' title="bbox 1031 2112 1870 2165; baseline 0 -14"><span class='ocrx_word' id='word_1_418' title='bbox 1031 2113 1130 2151; x_wconf 87' lang='lat' dir='ltr'>liest</span> <span class='ocrx_word' id='word_1_419' title='bbox 1152 2113 1466 2165; x_wconf 77' lang='lat' dir='ltr'>conficiebatur,</span> <span class='ocrx_word' id='word_1_420' title='bbox 1503 2125 1591 2150; x_wconf 85' lang='lat' dir='ltr'>was</span> <span class='ocrx_word' id='word_1_421' title='bbox 1615 2112 1797 2162; x_wconf 82' lang='lat' dir='ltr'>sogleich</span> <span class='ocrx_word' id='word_1_422' title='bbox 1831 2113 1870 2151; x_wconf 90' lang='lat' dir='ltr'>in</span> 
     </span>
     <span class='ocr_line' id='line_1_61' title="bbox 1030 2167 1870 2221; baseline 0 -13"><span class='ocrx_word' id='word_1_423' title='bbox 1030 2170 1210 2208; x_wconf 88' lang='lat' dir='ltr'>anderer</span> <span class='ocrx_word' id='word_1_424' title='bbox 1239 2169 1482 2217; x_wconf 81' lang='lat' dir='ltr'>Bedeutung</span> <span class='ocrx_word' id='word_1_425' title='bbox 1512 2167 1631 2218; x_wconf 83' lang='lat' dir='ltr'>solgt.</span> <span class='ocrx_word' id='word_1_426' title='bbox 1653 2190 1708 2196; x_wconf 94' lang='lat'><strong>—</strong></span> <span class='ocrx_word' id='word_1_427' title='bbox 1731 2171 1803 2221; x_wconf 78' lang='lat' dir='ltr'>qui</span> <span class='ocrx_word' id='word_1_428' title='bbox 1830 2169 1870 2208; x_wconf 80' lang='lat' dir='ltr'>d.</span> 
     </span>
     <span class='ocr_line' id='line_1_62' title="bbox 1033 2225 1872 2275; baseline -0.001 -11"><span class='ocrx_word' id='word_1_429' title='bbox 1033 2238 1233 2271; x_wconf 61' lang='lat' dir='ltr'>vernans„</span> <span class='ocrx_word' id='word_1_430' title='bbox 1259 2225 1445 2275; x_wconf 82' lang='lat' dir='ltr'>obgleicli</span> <span class='ocrx_word' id='word_1_431' title='bbox 1463 2225 1601 2264; x_wconf 80' lang='lat' dir='ltr'>dieses</span> <span class='ocrx_word' id='word_1_432' title='bbox 1619 2225 1720 2263; x_wconf 82' lang='lat' dir='ltr'>auch</span> <span class='ocrx_word' id='word_1_433' title='bbox 1740 2225 1872 2263; x_wconf 90' lang='lat' dir='ltr'>iunio-</span> 
     </span>
     <span class='ocr_line' id='line_1_63' title="bbox 1033 2281 1872 2331; baseline -0.001 -11"><span class='ocrx_word' id='word_1_434' title='bbox 1033 2294 1102 2321; x_wconf 85' lang='lat' dir='ltr'>res</span> <span class='ocrx_word' id='word_1_435' title='bbox 1125 2282 1214 2320; x_wconf 88' lang='lat' dir='ltr'>sein</span> <span class='ocrx_word' id='word_1_436' title='bbox 1248 2281 1453 2329; x_wconf 80' lang='lat' dir='ltr'>konnten,</span> <span class='ocrx_word' id='word_1_437' title='bbox 1484 2281 1549 2320; x_wconf 91' lang='lat' dir='ltr'>die</span> <span class='ocrx_word' id='word_1_438' title='bbox 1579 2281 1733 2331; x_wconf 79' lang='lat' dir='ltr'>gerade</span> <span class='ocrx_word' id='word_1_439' title='bbox 1758 2282 1872 2320; x_wconf 80' lang='lat' dir='ltr'>nicht</span> 
     </span>
     <span class='ocr_line' id='line_1_64' title="bbox 1032 2336 1870 2389; baseline -0.001 -12"><span class='ocrx_word' id='word_1_440' title='bbox 1032 2338 1220 2388; x_wconf 82' lang='lat' dir='ltr'>dienten,</span> <span class='ocrx_word' id='word_1_441' title='bbox 1251 2350 1297 2376; x_wconf 91' lang='lat' dir='ltr'>so</span> <span class='ocrx_word' id='word_1_442' title='bbox 1328 2338 1456 2377; x_wconf 82' lang='lat' dir='ltr'>denkt</span> <span class='ocrx_word' id='word_1_443' title='bbox 1479 2337 1524 2376; x_wconf 88' lang='lat' dir='ltr'><strong>L.</strong></span> <span class='ocrx_word' id='word_1_444' title='bbox 1547 2338 1665 2388; x_wconf 87' lang='lat' dir='ltr'>doch,</span> <span class='ocrx_word' id='word_1_445' title='bbox 1696 2338 1775 2376; x_wconf 83' lang='lat' dir='ltr'>wie</span> <span class='ocrx_word' id='word_1_446' title='bbox 1798 2336 1824 2389; x_wconf 63' lang='grc' dir='ltr'><strong>ξ</strong></span> <span class='ocrx_word' id='word_1_447' title='bbox 1846 2338 1870 2376; x_wconf 76' lang='lat'>4</span> 
     </span>
     <span class='ocr_line' id='line_1_65' title="bbox 1032 2394 1868 2446; baseline 0 -13"><span class='ocrx_word' id='word_1_448' title='bbox 1032 2408 1071 2433; x_wconf 94' lang='lat' dir='ltr'>u.</span> <span class='ocrx_word' id='word_1_449' title='bbox 1103 2396 1127 2433; x_wconf 80' lang='lat'><strong>9</strong></span> <span class='ocrx_word' id='word_1_450' title='bbox 1161 2408 1254 2433; x_wconf 83' lang='lat' dir='ltr'>cum.</span> <span class='ocrx_word' id='word_1_451' title='bbox 1284 2396 1478 2446; x_wconf 71' lang='lat' dir='ltr'>consec-la</span> <span class='ocrx_word' id='word_1_452' title='bbox 1515 2399 1594 2433; x_wconf 86' lang='lat' dir='ltr'>etc.</span> <span class='ocrx_word' id='word_1_453' title='bbox 1628 2394 1761 2444; x_wconf 80' lang='lat' dir='ltr'>zeigt,</span> <span class='ocrx_word' id='word_1_454' title='bbox 1799 2395 1868 2433; x_wconf 89' lang='lat' dir='ltr'>be-</span> 
     </span>
     <span class='ocr_line' id='line_1_66' title="bbox 1033 2451 1871 2490; baseline -0.001 0"><span class='ocrx_word' id='word_1_455' title='bbox 1033 2452 1210 2490; x_wconf 88' lang='lat' dir='ltr'>sonders</span> <span class='ocrx_word' id='word_1_456' title='bbox 1246 2464 1295 2490; x_wconf 83' lang='lat' dir='ltr'>an</span> <span class='ocrx_word' id='word_1_457' title='bbox 1328 2452 1540 2490; x_wconf 86' lang='lat' dir='ltr'>seniores:</span> <span class='ocrx_word' id='word_1_458' title='bbox 1580 2451 1694 2490; x_wconf 86' lang='lat' dir='ltr'>diese</span> <span class='ocrx_word' id='word_1_459' title='bbox 1727 2451 1871 2490; x_wconf 80' lang='lat' dir='ltr'>biitten</span> 
     </span>
     <span class='ocr_line' id='line_1_67' title="bbox 1032 2506 1872 2557; baseline -0.001 -10"><span class='ocrx_word' id='word_1_460' title='bbox 1032 2509 1104 2547; x_wconf 87' lang='lat' dir='ltr'>das</span> <span class='ocrx_word' id='word_1_461' title='bbox 1129 2508 1327 2547; x_wconf 86' lang='lat' dir='ltr'>tributum</span> <span class='ocrx_word' id='word_1_462' title='bbox 1351 2521 1402 2546; x_wconf 87' lang='lat' dir='ltr'>zu</span> <span class='ocrx_word' id='word_1_463' title='bbox 1426 2507 1593 2556; x_wconf 85' lang='lat' dir='ltr'>zahlen,</span> <span class='ocrx_word' id='word_1_464' title='bbox 1618 2520 1651 2546; x_wconf 77' lang='lat' dir='ltr'>s.</span> <span class='ocrx_word' id='word_1_465' title='bbox 1676 2507 1716 2557; x_wconf 87' lang='grc'>4,</span> <span class='ocrx_word' id='word_1_466' title='bbox 1740 2506 1807 2557; x_wconf 83' lang='grc'>60,</span> <span class='ocrx_word' id='word_1_467' title='bbox 1830 2507 1872 2546; x_wconf 81' lang='grc'>4.</span> 
     </span>
     <span class='ocr_line' id='line_1_68' title="bbox 1031 2563 1873 2617; baseline -0.004 -13"><span class='ocrx_word' id='word_1_468' title='bbox 1031 2587 1087 2593; x_wconf 94' lang='grc'><strong>-</strong></span> <span class='ocrx_word' id='word_1_469' title='bbox 1107 2564 1459 2617; x_wconf 69' lang='lat' dir='ltr'>serviendumque</span> <span class='ocrx_word' id='word_1_470' title='bbox 1490 2569 1593 2614; x_wconf 86' lang='lat' dir='ltr'>etc.,</span> <span class='ocrx_word' id='word_1_471' title='bbox 1631 2563 1873 2613; x_wconf 68' lang='lat' dir='ltr'>Erkliirung</span> 
     </span>
     <span class='ocr_line' id='line_1_69' title="bbox 1031 2619 1872 2676; baseline -0.001 -17"><span class='ocrx_word' id='word_1_472' title='bbox 1031 2634 1112 2660; x_wconf 88' lang='lat' dir='ltr'>von</span> <span class='ocrx_word' id='word_1_473' title='bbox 1138 2634 1291 2676; x_wconf 74' lang='lat' dir='ltr'>opera:</span> <span class='ocrx_word' id='word_1_474' title='bbox 1332 2622 1465 2660; x_wconf 84' lang='lat' dir='ltr'>indem</span> <span class='ocrx_word' id='word_1_475' title='bbox 1497 2621 1558 2660; x_wconf 88' lang='lat' dir='ltr'>sie</span> <span class='ocrx_word' id='word_1_476' title='bbox 1591 2621 1628 2660; x_wconf 91' lang='lat' dir='ltr'>in</span> <span class='ocrx_word' id='word_1_477' title='bbox 1654 2621 1728 2659; x_wconf 83' lang='lat' dir='ltr'>der</span> <span class='ocrx_word' id='word_1_478' title='bbox 1750 2619 1872 2659; x_wconf 82' lang='lat' dir='ltr'>Stadt</span> 
     </span>
     <span class='ocr_line' id='line_1_70' title="bbox 1032 2676 1870 2726; baseline -0.004 -9"><span class='ocrx_word' id='word_1_479' title='bbox 1032 2676 1352 2726; x_wconf 70' lang='lat' dir='ltr'>h&#39;riegsdienste</span> <span class='ocrx_word' id='word_1_480' title='bbox 1395 2678 1558 2725; x_wconf 86' lang='lat' dir='ltr'>tbateu,</span> <span class='ocrx_word' id='word_1_481' title='bbox 1600 2677 1767 2716; x_wconf 85' lang='lat' dir='ltr'>dienten</span> <span class='ocrx_word' id='word_1_482' title='bbox 1810 2677 1870 2715; x_wconf 85' lang='lat' dir='ltr'>sie</span> 
     </span>
     <span class='ocr_line' id='line_1_71' title="bbox 1032 2732 1869 2787; baseline -0.004 -14"><span class='ocrx_word' id='word_1_483' title='bbox 1032 2735 1121 2773; x_wconf 89' lang='lat' dir='ltr'>dem</span> <span class='ocrx_word' id='word_1_484' title='bbox 1146 2735 1290 2773; x_wconf 84' lang='lat' dir='ltr'>Staate</span> <span class='ocrx_word' id='word_1_485' title='bbox 1327 2735 1430 2773; x_wconf 84' lang='lat' dir='ltr'>auch</span> <span class='ocrx_word' id='word_1_486' title='bbox 1469 2734 1728 2787; x_wconf 83' lang='lat' dir='ltr'>persb‘nlich,</span> <span class='ocrx_word' id='word_1_487' title='bbox 1766 2744 1798 2771; x_wconf 89' lang='lat' dir='ltr'>s.</span> <span class='ocrx_word' id='word_1_488' title='bbox 1832 2732 1869 2782; x_wconf 73' lang='lat'>4,</span> 
     </span>
     <span class='ocr_line' id='line_1_72' title="bbox 1036 2790 1428 2846; baseline 0 -17"><span class='ocrx_word' id='word_1_489' title='bbox 1036 2791 1103 2838; x_wconf 85' lang='grc'>60,</span> <span class='ocrx_word' id='word_1_490' title='bbox 1127 2790 1171 2829; x_wconf 83' lang='grc'>2;</span> <span class='ocrx_word' id='word_1_491' title='bbox 1192 2794 1428 2846; x_wconf 76' lang='lat' dir='ltr'>operatum.</span> 
     </span>
    </p>

    <p class='ocr_par' dir='ltr' id='par_1_13' title="bbox 1031 2844 1872 3295">
     <span class='ocr_line' id='line_1_73' title="bbox 1090 2844 1872 2899; baseline -0.003 -13"><span class='ocrx_word' id='word_1_492' title='bbox 1090 2846 1186 2887; x_wconf 90' lang='grc'>6-7.</span> <span class='ocrx_word' id='word_1_493' title='bbox 1219 2850 1376 2899; x_wconf 71' lang='lat' dir='ltr'>grat-ia</span> <span class='ocrx_word' id='word_1_494' title='bbox 1398 2861 1435 2885; x_wconf 93' lang='lat' dir='ltr'>n.</span> <span class='ocrx_word' id='word_1_495' title='bbox 1457 2849 1589 2889; x_wconf 73' lang='lat' dir='ltr'>erant.</span> <span class='ocrx_word' id='word_1_496' title='bbox 1611 2844 1677 2890; x_wconf 72' lang='lat'>24,</span> <span class='ocrx_word' id='word_1_497' title='bbox 1696 2845 1735 2894; x_wconf 88' lang='grc'>4,</span> <span class='ocrx_word' id='word_1_498' title='bbox 1753 2844 1797 2882; x_wconf 85' lang='grc'>2;</span> <span class='ocrx_word' id='word_1_499' title='bbox 1823 2858 1872 2884; x_wconf 83' lang='lat' dir='ltr'>ea</span> 
     </span>
     <span class='ocr_line' id='line_1_74' title="bbox 1031 2900 1872 2956; baseline -0.005 -12"><span class='ocrx_word' id='word_1_500' title='bbox 1031 2907 1162 2956; x_wconf 73' lang='lat' dir='ltr'>aetas,</span> <span class='ocrx_word' id='word_1_501' title='bbox 1180 2904 1224 2944; x_wconf 76' lang='lat' dir='ltr'>id</span> <span class='ocrx_word' id='word_1_502' title='bbox 1238 2906 1478 2956; x_wconf 70' lang='lat' dir='ltr'>Ingenium:</span> <span class='ocrx_word' id='word_1_503' title='bbox 1498 2903 1535 2951; x_wconf 88' lang='lat'>3,</span> <span class='ocrx_word' id='word_1_504' title='bbox 1556 2901 1623 2947; x_wconf 74' lang='grc'>64,</span> <span class='ocrx_word' id='word_1_505' title='bbox 1642 2901 1711 2940; x_wconf 88' lang='lat'>10:</span> <span class='ocrx_word' id='word_1_506' title='bbox 1733 2900 1782 2940; x_wconf 85' lang='lat' dir='ltr'>ib.</span> <span class='ocrx_word' id='word_1_507' title='bbox 1808 2900 1872 2952; x_wconf 80' lang='lat'>16,</span> 
     </span>
     <span class='ocr_line' id='line_1_75' title="bbox 1035 2957 1872 3013; baseline -0.002 -15"><span class='ocrx_word' id='word_1_508' title='bbox 1035 2959 1072 2999; x_wconf 89' lang='lat'>3.</span> <span class='ocrx_word' id='word_1_509' title='bbox 1095 2960 1521 3013; x_wconf 62' lang='lat' dir='ltr'>—1·nd1·5,rm·oraque,</span> <span class='ocrx_word' id='word_1_510' title='bbox 1559 2959 1639 2997; x_wconf 80' lang='lat' dir='ltr'>wie</span> <span class='ocrx_word' id='word_1_511' title='bbox 1676 2971 1753 3010; x_wconf 78' lang='lat' dir='ltr'>que</span> <span class='ocrx_word' id='word_1_512' title='bbox 1789 2957 1872 2996; x_wconf 88' lang='lat' dir='ltr'>bis-</span> 
     </span>
     <span class='ocr_line' id='line_1_76' title="bbox 1033 3015 1872 3066; baseline -0.002 -12"><span class='ocrx_word' id='word_1_513' title='bbox 1033 3017 1182 3056; x_wconf 86' lang='lat' dir='ltr'>weilen</span> <span class='ocrx_word' id='word_1_514' title='bbox 1208 3018 1324 3056; x_wconf 81' lang='lat' dir='ltr'>einen</span> <span class='ocrx_word' id='word_1_515' title='bbox 1356 3029 1507 3066; x_wconf 80' lang='lat' dir='ltr'>neuen,</span> <span class='ocrx_word' id='word_1_516' title='bbox 1543 3015 1619 3054; x_wconf 81' lang='lat' dir='ltr'>den</span> <span class='ocrx_word' id='word_1_517' title='bbox 1643 3015 1872 3063; x_wconf 74' lang='lat' dir='ltr'>vot-herge·</span> 
     </span>
     <span class='ocr_line' id='line_1_77' title="bbox 1034 3070 1870 3113; baseline -0.006 0"><span class='ocrx_word' id='word_1_518' title='bbox 1034 3073 1193 3112; x_wconf 82' lang='lat' dir='ltr'>henden</span> <span class='ocrx_word' id='word_1_519' title='bbox 1219 3073 1527 3113; x_wconf 78' lang='lat' dir='ltr'>erweiternden</span> <span class='ocrx_word' id='word_1_520' title='bbox 1548 3070 1773 3111; x_wconf 76' lang='lat' dir='ltr'>Gedanken</span> <span class='ocrx_word' id='word_1_521' title='bbox 1795 3082 1870 3109; x_wconf 79' lang='lat' dir='ltr'>an·</span> 
     </span>
     <span class='ocr_line' id='line_1_78' title="bbox 1035 3126 1868 3182; baseline -0.004 -13"><span class='ocrx_word' id='word_1_522' title='bbox 1035 3127 1202 3182; x_wconf 79' lang='lat' dir='ltr'>kniipst,</span> <span class='ocrx_word' id='word_1_523' title='bbox 1234 3142 1267 3169; x_wconf 83' lang='lat' dir='ltr'>s.</span> <span class='ocrx_word' id='word_1_524' title='bbox 1292 3129 1337 3178; x_wconf 70' lang='lat'>4,</span> <span class='ocrx_word' id='word_1_525' title='bbox 1364 3128 1432 3179; x_wconf 87' lang='grc'>17,</span> <span class='ocrx_word' id='word_1_526' title='bbox 1462 3129 1531 3167; x_wconf 88' lang='lat' dir='ltr'>ll:</span> <span class='ocrx_word' id='word_1_527' title='bbox 1563 3127 1788 3180; x_wconf 74' lang='lat' dir='ltr'>collesque:</span> <span class='ocrx_word' id='word_1_528' title='bbox 1814 3126 1868 3166; x_wconf 88' lang='lat' dir='ltr'>ib.</span> 
     </span>
     <span class='ocr_line' id='line_1_79' title="bbox 1035 3183 1870 3238; baseline -0.004 -13"><span class='ocrx_word' id='word_1_529' title='bbox 1035 3185 1110 3238; x_wconf 85' lang='lat'>20,</span> <span class='ocrx_word' id='word_1_530' title='bbox 1132 3185 1176 3224; x_wconf 86' lang='lat'>3:</span> <span class='ocrx_word' id='word_1_531' title='bbox 1200 3188 1516 3238; x_wconf 76' lang='lat' dir='ltr'>m·erlera!que;</span> <span class='ocrx_word' id='word_1_532' title='bbox 1541 3184 1592 3224; x_wconf 90' lang='lat' dir='ltr'>ib.</span> <span class='ocrx_word' id='word_1_533' title='bbox 1618 3184 1692 3234; x_wconf 89' lang='grc'>40,</span> <span class='ocrx_word' id='word_1_534' title='bbox 1714 3183 1760 3223; x_wconf 80' lang='lat'>2:</span> <span class='ocrx_word' id='word_1_535' title='bbox 1785 3183 1870 3224; x_wconf 80' lang='lat' dir='ltr'>Fa-</span> 
     </span>
     <span class='ocr_line' id='line_1_80' title="bbox 1035 3239 1869 3295; baseline -0.002 -13"><span class='ocrx_word' id='word_1_536' title='bbox 1035 3244 1230 3295; x_wconf 70' lang='lat' dir='ltr'>biusqu03</span> <span class='ocrx_word' id='word_1_537' title='bbox 1270 3242 1314 3293; x_wconf 83' lang='lat'>5,</span> <span class='ocrx_word' id='word_1_538' title='bbox 1344 3240 1420 3289; x_wconf 88' lang='grc'>26,</span> <span class='ocrx_word' id='word_1_539' title='bbox 1456 3241 1525 3281; x_wconf 82' lang='grc' dir='ltr'>1οε</span> <span class='ocrx_word' id='word_1_540' title='bbox 1556 3239 1869 3293; x_wconf 72' lang='lat' dir='ltr'>videbaturque.</span> 
     </span>
    </p>
   </div>
   <div class='ocr_carea' id='block_1_12' title="bbox 1905 915 1931 953">
    <p class='ocr_par' dir='ltr' id='par_1_14' title="bbox 1905 915 1931 953">
     <span class='ocr_line' id='line_1_81' title="bbox 1905 915 1931 953; baseline 0 0"><span class='ocrx_word' id='word_1_541' title='bbox 1905 915 1931 953; x_wconf 84' lang='grc'>4</span> 
     </span>
    </p>
   </div>
  </div>
 </body>
</html>
