2221 3537
35 159 102 184 .ι.
126 149 195 185 oh.
222 152 300 185 5⁰0.

797 138 951 182 einen
973 135 1020 178 n.
1080 139 1197 183 car.
1224 142 1265 183 ⁴.
1297 195 1312 206 ο
1758 147 1858 197 225

69 264 213 331 gibus
236 266 620 333 conloquuntur.
687 266 886 316 Vitelliis
921 267 1227 332 Aquiliisque
1267 269 1500 320 fratribus
1528 273 1686 337 primo
1713 290 1850 323 com·

68 335 221 388 missa
245 350 327 387 res
351 343 441 387 est.
500 336 800 386 Vitelliorum
830 352 972 386 soror
997 337 1186 386 consuli
1215 347 1366 402 nupta
1398 341 1546 389 Bruto
1575 352 1694 399 erat,
1725 345 1849 393 iam-

68 421 166 473 que
193 422 253 456 ex
277 422 336 457 eo
363 407 680 457 matrimonio
703 407 1043 456 adulescentes
1071 414 1213 456 erant
1240 408 1393 466 liberi,
1432 411 1570 460 Titus
1598 414 1848 463 Tiberius-

67 492 180 543 que.
203 492 288 526 eos
313 492 511 542 quoque
539 477 589 526 in
615 478 898 527 societatem
928 478 1116 527 consilii
1143 479 1370 526 avunculi
1401 480 1680 531 adsumunt.
1712 501 1850 548 prae-

65 554 200 597 terea
224 546 413 612 aliquot
440 547 628 596 nobiles
651 548 993 597 adulescentes
1021 548 1202 597 conscii
1231 549 1496 613 adsumpti,
1524 569 1734 615 «piorum
1768 571 1851 602 ve-

66 623 248 668 tustate
276 618 512 667 memoria
540 618 673 667 abiit.
715 619 911 668 interim
940 634 1052 668 cum
1083 619 1130 667 in
1161 626 1337 667 senatu
1368 620 1561 669 vicisset
1589 626 1853 682 sententia,

67 703 193 754 quae
229 688 463 738 censebat
498 688 747 738 reddenda
778 689 920 745 bona,
959 704 1167 754 eamque
1196 689 1349 753 ipsam
1379 706 1574 739 causam
1607 708 1771 741 morae
1802 696 1850 743 in

64 757 188 809 urbe
210 758 447 809 haberent
467 760 625 823 legati,
653 760 785 824 quod
814 760 1027 824 spatium
1040 760 1097 809 ad
1126 761 1341 809 vehicula
1359 765 1674 825 conparanda
1693 781 1715 811 a
1732 781 1848 813 con-

66 828 258 880 sulibus
279 830 627 894 sumpsissent,
642 831 822 895 quibus
843 846 1015 894 regum
1039 840 1350 894 asportarent
1375 848 1632 889 res‚omne
1657 834 1701 882 id
1728 843 1853 883 tem-

65 916 161 966 pus
187 915 301 949 cum
321 901 588 950 coniuratis
610 902 935 950 consultando
956 901 1226 950 absumunt
1249 903 1581 968 evincuntque
1606 904 1851 955 instando.

66 977 124 1021 ut
157 970 348 1020 litterae
376 971 466 1021 sibi
493 972 553 1020 ad
567 972 861 1036 Tarquinios
890 973 1147 1022 darentur:
1180 989 1293 1021 nam
1317 974 1459 1021 aliter
1480 974 1563 1038 qui
1582 975 1856 1024 credituros

66 1057 169 1099 eos»,
198 1055 300 1091 non
329 1058 448 1092 vana
471 1043 530 1091 ab
548 1043 713 1107 legatis
734 1058 883 1107 super
903 1043 1051 1092 rebus
1076 1044 1223 1091 tantis
1249 1042 1465 1092 adferri?
1488 1046 1626 1093 datae
1649 1046 1858 1101 litterae,

63 1119 122 1162 ut
147 1112 326 1177 pignus
362 1113 476 1162 fidei
513 1121 697 1168 essent,
740 1113 1062 1163 manifestum
1092 1114 1279 1162 facinus
1310 1115 1549 1163 secl-runt.
1602 1132 1714 1165 nam
1744 1133 1855 1166 cum
1896 1131 1911 1140 ’

63 1182 234 1249 pridie,
282 1199 427 1248 quam
457 1184 602 1248 legati
632 1185 690 1233 ad
720 1184 1020 1248 Tarquinios
1050 1184 1497 1248 proficiscerentur,
1523 1186 1602 1248 [et]
1626 1195 1858 1237 cenatum

62 1256 192 1303 sorte
219 1254 346 1318 apud
370 1255 586 1303 Vitellios
613 1262 756 1312 esset,
789 1255 1131 1318 coniuratique
1154 1255 1219 1303 ibi
1258 1256 1462 1304 remotis
1482 1257 1673 1306 arbitris
1703 1260 1858 1307 multa

62 1323 192 1373 inter
212 1339 266 1373 se
289 1324 348 1373 de
367 1339 515 1379 novo,
538 1331 591 1373 ut
615 1326 679 1381 lit,
703 1325 907 1373 consilio
930 1326 1158 1389 egissent,
1183 1341 1467 1374 sermonem
1487 1343 1659 1376 eorum
1676 1344 1729 1377 ex
1747 1344 1857 1378 ser-

64 1394 135 1443 vis
151 1408 281 1443 unus
302 1395 507 1459 excepit,
548 1396 632 1459 qui
654 1395 748 1444 iam
780 1403 923 1444 antea
954 1396 999 1444 id
1024 1404 1248 1445 senserat
1270 1397 1361 1459 agi,
1391 1398 1476 1445 sed
1502 1414 1609 1446 eam
1633 1399 1856 1447 occasio-

62 1480 198 1525 nem,
211 1473 265 1515 ut
284 1466 478 1515 litterae
499 1467 671 1529 legatis
683 1466 935 1522 darentur,
953 1482 1078 1531 quae
1098 1467 1443 1531 deprehensae
1465 1485 1571 1517 rem
1588 1484 1855 1532 coarguere

62 1544 281 1601 possent,
309 1537 610 1602 expectabat.
653 1545 915 1602 postquam
938 1537 1075 1587 datas
1099 1539 1269 1596 sensit,
1299 1554 1403 1587 rem
1433 1539 1491 1588 ad
1516 1541 1746 1588 consules
1769 1541 1859 1590 de-

61 1607 235 1704 “gibt-
268 1609 493 1656 consules
520 1608 579 1658 ad
616 1608 1061 1673 deprehendendos
1102 1611 1286 1672 legatos
1315 1610 1698 1675 coniuratosque
1739 1628 1859 1676 pro-

120 1701 173 1750 4.
208 1707 312 1748 1-3.
356 1706 514 1758 Vitell„
546 1707 661 1747 diese
692 1708 786 1747 sind
821 1713 910 1748 erst
1003 1707 1230 1759 gesch‘a'he3
1263 1714 1382 1748 sonst
1411 1709 1586 1762 alioqui,
1619 1711 1684 1749 die
1715 1711 1853 1752 Nach-

62 1775 145 1805 von
187 1763 383 1818 spiiteren
426 1763 675 1804 Annalisten
724 1770 910 1815 genannt

61 1821 257 1869 worden3
277 1822 371 1862 eine
383 1835 494 1873 gens
507 1820 677 1861 ls'itellia
694 1820 850 1861 kommt
869 1822 909 1861 in

64 1878 141 1919 der
152 1877 549 1930 republikauisehen
566 1877 663 1918 Zeit
686 1878 802 1918 nicht
816 1889 912 1930 vor,

65 1934 443 1987 vgt.Suet.Vite11.
467 1935 509 1984 13
532 1935 602 1975 die
620 1933 785 1987 Aquilc'i
799 1947 910 1975 wer-

66 1991 146 2032 den
180 1991 456 2043 wenigstens‚
493 2007 527 2031 e.
552 1992 628 2040 4ος
661 1995 699 2041 ti,
731 1993 771 2042 4,
804 1993 910 2031 noch

66 2047 274 2089 erwiihnt.
307 2071 361 2076 —
389 2047 588 2098 adulesc.‚
612 2061 656 2088 es
677 2059 819 2088 waren
843 2061 911 2088 er-

66 2105 295 2145 wachsene
320 2105 456 2144 Stihne
476 2105 539 2144 da.
561 2128 613 2133 —
653 2118 792 2155 mem„
809 2106 914 2144 abiit

65 2162 152 2214 vgl.
176 2161 243 2212 27,
266 2161 306 2213 3,
329 2162 376 2202 8:
396 2164 605 2202 memoria
627 2161 801 2210 amitiit,
825 2162 910 2213 vgl.

65 2231 101 2259 c.
124 2217 194 2270 33,
215 2218 263 2263 95,
287 2219 326 2270 6,
351 2218 418 2266 37,
444 2222 487 2259 5:
514 2220 717 2258 memoria
755 2220 912 2258 exisse.

64 2274 207 2316 Durch
243 2275 311 2315 die
333 2274 749 2325 Zwischeustellung
786 2275 912 2325 wird,

66 2331 149 2372 wie
183 2330 246 2372 oft
273 2332 339 2373 ein
366 2331 532 2383 Begrils,
573 2332 665 2371 hier
706 2335 912 2371 vetustate

66 2389 270 2441 gehoben.
306 2411 361 2418 —-
395 2391 438 2428 in
469 2403 570 2440 sen„
608 2389 683 2428 der
709 2388 914 2429 Volksbe-

67 2445 250 2496 schluss,
281 2458 315 2486 s.
337 2444 460 2486 Dion.
492 2448 531 2497 5,
560 2448 600 2496 (i,
624 2446 681 2485 ist
704 2446 911 2495 iibergan-

65 2514 159 2554 gen.
184 2525 236 2531 —
258 2515 365 2554 quae
383 2525 410 2531 -
431 2503 629 2550 censebat,
651 2515 696 2541 so
722 2502 826 2541 wird
849 2501 912 2542 ost

67 2559 134 2600 ein
161 2557 358 2599 Priidieat
381 2560 495 2599 nicht
517 2559 591 2599 der
615 2559 788 2609 Person,
813 2572 911 2597 son-

67 2616 170 2656 dern
193 2610 314 2656 eine'r
333 2616 665 2657 Beschall'enheit
686 2615 910 2656 oderTli'zi-

64 2671 225 2724 tigkeit
241 2673 460 2713 derselben
486 2672 712 2723 beigelegt,
738 2686 770 2711 S.
790 2673 822 2721 1,
847 2674 911 2723 13,

67 2727 114 2779 33
138 2729 178 2779 3,
205 2731 268 2778 10,
292 2730 337 2767 5:
360 2729 434 2769 lem
454 2743 667 2781 aggressa
689 2733 770 2778 θείς
789 2731 856 2778 30,
871 2729 908 2780 7,

68 2786 115 2835 7;
137 2787 178 2836 4,
200 2785 239 2835 6,
264 2787 306 2825 7:
329 2789 534 2825 sententia
554 2784 743 2825 consedes
765 2798 909 2825 arma-

67 2842 160 2891 bat,
182 2841 221 2891 8,
251 2842 313 2890 12,
344 2843 411 2883 14:
439 2842 654 2882 dictatum
676 2841 773 2882 tulit
797 2841 910 2894 leg-es

68 2910 155 2939 u.a.
181 2921 234 2927 —
255 2898 567 2953 qnod-sumps..
591 2900 654 2938 als
668 2899 909 2950 Erkl‘aruug

67 2968 150 2995 von
187 2968 309 2997 mora
340 2956 380 2995 in
413 2957 489 2995 den
515 2956 663 2996 Modus
692 2957 764 2995 des
787 2956 911 2995 iiber-

66 3012 324 3064 geordneten
348 3013 495 3054 Satzes
518 3012 847 3062 aufgenommen,
877 3026 911 3052 c.

73 3070 108 3118 1,
133 3070 171 3108 5.

127 3125 150 3163 4
166 3126 229 3165 -6.
262 3123 390 3166 ale‘ter
411 3129 495 3178 qul,
528 3125 609 3165 wie
634 3125 806 3164 wiirden
831 3125 907 3173 sie,

69 3193 188 3220 wenn
212 3194 256 3221 es
279 3182 430 3221 anders
460 3182 588 3232 wiire,
623 3182 761 3221 dieses
794 3182 908 3222 nicht

162 3250 228 3288 Tit,
256 3250 332 3285 Liv.
360 3251 388 3286 1.
430 3255 463 3283 ὅ.
491 3252 583 3286 Aufl.

1003 1765 1193 1815 stellung
1230 1778 1310 1804 von
1349 1769 1420 1818 qui
1449 1767 1528 1807 wie
1563 1769 1597 1815 1,
1637 1767 1702 1818 26,
1740 1770 1775 1810 1.
1800 1790 1853 1797 —

1001 1834 1131 1876 supet·
1151 1822 1222 1861 hat
1245 1823 1313 1862 die
1333 1822 1576 1873 Bcdeutuog
1597 1824 1762 1874 ,‚iiber‘⁴
1787 1824 1853 1864 bei

1003 1879 1079 1918 den
1116 1878 1280 1918 ver-ben
1323 1880 1397 1919 des
1427 1880 1632 1931 Denkens,
1675 1881 1851 1931 Sagens,

1002 1935 1222 1975 bisweilen
1248 1936 1448 1986 anderen,
1469 1950 1501 1976 s.
1522 1938 1590 1986 42,
1606 1938 1706 1987 24,1
1737 1951 1773 1976 u.
1793 1952 1852 1987 a.‚

1002 1992 1287 2043 gewo'hnlich,
1312 2005 1432 2032 wenu
1456 2007 1527 2033 res
1549 1994 1699 2044 (ibject
1719 1994 1789 2042 ist,
1813 2008 1853 2034 s.

1007 2050 1046 2098 5,
1076 2050 1136 2097 15,
1168 2050 1236 2090 12:
1260 2062 1389 2102 super·
1406 2053 1525 2089 tauta
1542 2063 1610 2099 reg
1635 2051 1687 2089 ib.
1721 2052 1784 2101 17,
1806 2052 1855 2099 ῖς

1008 2106 1075 2153 26,
1104 2107 1168 2153 15,
1191 2108 1241 2155 53
1266 2107 1306 2154 4,
1331 2108 1396 2156 56,
1428 2107 1496 2145 10:
1528 2120 1658 2160 smper
1686 2106 1768 2147 tale·
1787 2120 1855 2156 re;

1007 2163 1045 2211 8,
1070 2163 1109 2213 3,
1140 2163 1206 2202 10:
1240 2175 1367 2216 super
1399 2176 1481 2214 qua
1512 2175 1558 2203 re
1581 2178 1618 2203 u.
1642 2176 1677 2204 a.
1702 2187 1755 2193 —
1779 2163 1856 2203 da-

1004 2221 1071 2258 tae
1094 2242 1115 2246 -
1143 2223 1200 2269 ut,
1223 2220 1422 2258 wiihrend
1446 2220 1513 2259 die
1537 2219 1676 2260 Briese
1702 2234 1782 2260 nur
1804 2235 1854 2260 zu

1006 2276 1097 2314 dem
1121 2274 1275 2314 Zweck
1306 2301 1329 2304 —
1346 2307 1356 2326 ‚
1393 2278 1582 2316 machten
1607 2277 1667 2316 sie
1699 2291 1783 2317 u.s.
1800 2291 1852 2317 W.

1003 2335 1042 2371 et
1067 2345 1144 2372 vor
1165 2335 1356 2372 cenatum
1372 2334 1515 2373 wiirde
1533 2334 1609 2373 den
1631 2332 1851 2384 folgenden

1004 2389 1105 2428 Satz
1150 2390 1384 2441 unpassend
1428 2402 1479 2428 an
1521 2403 1614 2429 cum
1659 2397 1739 2430 etc.
1782 2404 1855 2430 an-

1005 2444 1185 2497 kniipfen
1221 2446 1301 2484 und
1326 2460 1370 2485 so
1395 2446 1471 2485 den
1490 2446 1856 2497 Zusammenhang

1005 2504 1172 2551 stiiren,
1212 2503 1443 2554 ‘uberhaupt
1483 2503 1537 2542 ist
1573 2504 1641 2543 die
1674 2504 1854 2543 Verbin-

1004 2560 1115 2610 dung
1146 2571 1307 2610 ganzer
1343 2560 1469 2599 Siitze
1501 2560 1632 2600 durch
1662 2564 1700 2600 et
1730 2586 1754 2589 —
1779 2574 1855 2613 qm·

1005 2617 1153 2665 selmo,
1188 2617 1269 2666 vgl.
1302 2629 1352 2655 zu
1377 2617 1444 2663 33,
1478 2617 1544 2666 25,
1578 2619 1624 2661 7:
1664 2620 1704 2667 ⁴,
1737 2618 1776 2658 2.
1810 2619 1855 2662 3:

1003 2673 1155 2712 anders
1190 2673 1246 2712 ist
1273 2676 1334 2723 Ill,
1378 2674 1434 2715 lt,
1481 2675 1527 2711 lS
1553 2687 1589 2712 u.
1614 2675 1673 2722 ἃς
1713 2688 1745 2713 s.
1770 2675 1855 2714 Cic.

1004 2728 1130 2768 Tusc.
1162 2730 1195 2773 l,
1221 2731 1258 2778 2,
1283 2731 1319 2769 4.
1342 2751 1393 2757 —-
1416 2742 1516 2768 noro
1533 2749 1549 2762 =
1567 2729 1625 2769 ad
1646 2744 1713 2770 res
1730 2743 1857 2770 novas

1003 2789 1232 2840 spectante,
1254 2787 1292 2834 4,
1324 2788 1385 2832 17,
1406 2788 1441 2826 2.
1468 2810 1518 2815 --
1537 2801 1664 2835 meus,
1689 2788 1770 2838 vgl.
1785 2788 1851 2834 3u,

1004 2844 1071 2887 42,
1088 2845 1162 2881 20:
1187 2846 1432 2882 senatorum
1459 2857 1602 2882 ιιιιιιηι.
1626 2868 1675 2872 -
1698 2858 1854 2896 erc-ep„

1004 2899 1255 2942 erlausrhte,
1281 2901 1348 2943 4⁰,
1376 2901 1411 2942 ἶ,
1438 2902 1475 2940 ⁴.
1491 2923 1543 2929 —
1562 2914 1653 2939 eam
1673 2914 1768 2946 ora,
1786 2901 1854 2939 die

1002 2956 1123 2995 dabei
1139 2957 1278 3003 (dauni
1291 2957 1380 2995 sich
1394 2957 1666 2997 darbietende
1681 2957 1854 3006 Gen-gs

1003 3011 1078 3052 auf
1095 3025 1186 3051 eam
1212 3013 1379 3053 bezieht
1404 3014 1495 3053 sich
1520 3019 1576 3053 ul.

1062 3070 1099 3109 ἶ.
1133 3068 1192 3108 ad
1219 3069 1401 3123 depreln,
1446 3072 1528 3120 vgl.
1563 3071 1628 3109 ‹lit‘
1660 3069 1851 3109 iilmliche

1003 3125 1217 3165 situation
1241 3127 1344 3165 sall.
1377 3128 1466 3165 Cat.
1493 3129 1556 3166 «15.
1622 3127 1697 3165 nio
1723 3126 1851 3175 Magi-

1004 3187 1139 3222 strate
1165 3182 1381 3222 sclirciten
1408 3188 1602 3231 vermiige
1629 3183 1699 3221 des
1722 3185 1848 3234 impe·

1448 3254 1500 3297 15

1893 1143 1917 1169 ί)

1890 1409 1914 1448 6

1901 1639 1910 1663 l
