2221 3537
135 232 365 267 &Olum-

755 216 915 258 maen
948 215 1016 257 111.
1076 216 1194 258 cae.
1226 218 1295 258 aa.
1834 222 1894 270 71

135 365 265 402 unus
307 349 464 400 fasces
511 344 736 404 haberet,
771 352 819 394 et
864 345 959 394 hoc
1002 344 1192 409 insigne
1234 345 1419 408 regium
1465 348 1512 395 in
1558 347 1726 398 orbem
1763 363 1902 397 suam

137 422 370 486 cuiusque
412 418 563 467 vicem
608 431 694 481 per
737 431 910 465 ornnes
946 415 1060 472 iret,
1096 415 1259 465 subito
1306 432 1479 464 ornnes
1518 433 1626 466 cum
1664 419 1901 468 duodenis

136 490 351 543 fascibus
392 488 633 553 prodiere.

710 494 905 537 centum
953 487 1118 550 viginti
1161 486 1357 535 lictores
1402 487 1564 535 forum
1608 489 1905 553 inpleverant
1941 499 1965 538 4

138 569 188 613 et
226 575 336 612 eum
379 558 592 609 fascibus
642 573 840 607 secures
876 558 1095 621 inligatas
1132 557 1492 622 praeferebant:
1530 573 1618 606 nec
1653 560 1906 608 attinuisse

136 631 264 684 demi
299 645 542 689 securem,
580 644 689 678 cum
727 630 831 678 sine
867 629 1213 693 provocatione
1240 628 1382 678 creati
1411 636 1590 685 essent,
1617 628 1904 693 interpreta-

135 702 328 754 bantur.
378 701 544 751 decem
579 715 747 764 regum
785 700 970 764 species
997 708 1122 757 erat,
1156 699 1600 764 multiplicatusque
1626 708 1786 748 terror
1807 716 1905 749 non
1945 712 1967 749 5

137 772 321 824 infimis
355 772 515 822 solum
551 772 635 821 sed
680 770 978 836 primoribus
1018 779 1238 836 patrum,
1278 771 1394 820 ratis
1428 771 1587 819 caedis
1624 786 1818 820 causam
1855 788 1909 819 ac

140 843 434 911 principium
461 843 649 909 quaeri,
689 850 764 901 ut,
794 843 835 892 si
862 842 970 907 quis
999 858 1268 891 memorem
1296 841 1528 891 libertatis
1558 858 1724 891 vocem
1755 850 1837 891 aut
1862 842 1908 891 in

140 921 312 966 senatu
349 922 431 964 aut
467 915 513 964 in
549 914 731 979 populo
771 914 1011 970 misisset,
1049 915 1209 962 statim
1250 914 1406 977 virgae
1442 928 1738 978 securesque
1767 913 1909 962 etiam

140 987 200 1037 ad
237 991 513 1036 ceterorum
555 993 739 1034 metum
777 985 1133 1048 expedirentur.
1195 999 1308 1033 nam
1339 992 1673 1049 praeterquam
1704 985 1834 1049 quod
1862 984 1910 1033 in
1949 992 1974 1031 6

139 1056 324 1123 populo
358 1056 475 1106 nihil
503 1063 604 1106 erat
629 1056 858 1121 praesidii
886 1056 1073 1105 sublata
1102 1058 1473 1120 provocatione,
1507 1057 1908 1105 intercessionem

142 1143 336 1194 quoque
356 1141 603 1177 consensu
626 1127 940 1184 sustulerant,
966 1142 1076 1176 cum
1100 1127 1288 1190 priores
1307 1127 1564 1175 decemviri
1589 1127 1912 1191 appellatione

140 1199 350 1262 collegae
384 1199 560 1261 corrigi
600 1198 785 1246 reddita
822 1198 880 1246 ab
915 1213 967 1246 se
1002 1197 1106 1246 iura
1142 1198 1387 1254 tulissent,
1423 1205 1470 1246 et
1505 1199 1766 1261 quaedam,
1795 1214 1915 1262 quae

140 1268 216 1320 sui
251 1267 414 1318 iudicii
450 1268 597 1317 videri
635 1274 862 1332 possent,
901 1268 959 1317 ad
998 1267 1235 1332 populum
1275 1268 1574 1317 reiecissent.
1621 1268 1915 1333 aliquamdiu
1954 1277 1974 1315 ἵ

141 1344 373 1404 aequatus
401 1339 525 1388 inter
545 1353 718 1388 omnes
740 1338 1024 1398 terrorfuit3
1047 1339 1274 1404 paulatim
1299 1346 1430 1388 totus
1455 1346 1635 1388 vertere
1656 1339 1704 1388 in
1727 1339 1916 1404 plebem

143 1411 320 1476 coepit.
370 1409 703 1460 abstinebatur
723 1427 747 1459 a
776 1409 1021 1475 patribus3
1049 1411 1096 1459 in
1125 1409 1410 1459 humiliores
1437 1410 1716 1460 lubidinose
1743 1411 1919 1460 crude-

143 1481 348 1546 literque
394 1481 751 1531 consulebatur.
808 1482 1067 1531 hominum
1102 1497 1204 1529 non
1245 1497 1502 1530 causarum
1543 1482 1628 1530 toti
1668 1491 1830 1538 erant,
1869 1490 1920 1531 ut

145 1552 272 1619 apud
315 1568 441 1617 quos
489 1552 637 1616 gratia
669 1553 761 1600 vim
798 1552 937 1617 aequi
975 1553 1186 1602 haberet.
1251 1552 1421 1601 iudicia
1460 1553 1593 1601 domi
1631 1553 1921 1608 conflabant,
1964 1563 1974 1567 “

144 1623 528 1689 pronuntiabant
561 1623 608 1671 in
645 1623 770 1672 foro.
830 1625 870 1672 si
899 1624 1006 1688 quis
1044 1622 1271 1687 collegam
1311 1623 1624 1688 appellasset,
1660 1624 1718 1673 ab
1753 1641 1828 1682 eo,
1862 1624 1920 1672 ad

142 1737 363 1791 —saeees
391 1748 578 1787 genauer
605 1736 668 1776 als
699 1750 732 1775 c.
765 1735 832 1785 33,
863 1735 900 1776 8.
931 1759 986 1765 -—

142 1796 185 1835 in
208 1796 365 1844 orbem,
399 1793 434 1842 1,
469 1793 531 1846 17,
558 1792 596 1833 6.
626 1816 682 1822 -
703 1807 828 1833 suam
858 1806 893 1833 c.
925 1796 987 1833 υί-

144 1863 248 1901 cem,
279 1864 326 1890 so
357 1851 436 1890 wie
459 1850 521 1889 sie
549 1863 599 1889 an
626 1850 752 1901 jeden
778 1850 987 1901 jedesmal

144 1920 194 1948 an
224 1908 366 1947 seiuer
393 1907 528 1946 Stelle
568 1908 739 1956 kamen3
778 1908 852 1946 der
881 1907 989 1946 Aus-

146 1964 276 2004 druck
319 1965 374 2003 ist
415 1964 711 2016 pleonastiscb.
751 1986 807 1992 —
848 1966 989 2004 subito

144 2019 270 2073 fribrt,
293 2022 372 2060 wie
397 2021 499 2059 noch
523 2020 713 2070 baufiger
734 2024 920 2074 repente,
953 2034 987 2060 s.

145 2077 214 2128 21,
244 2078 310 2127 57,
343 2075 408 2126 13,
437 2077 529 2116 eine.
551 2077 628 2116 den
654 2078 705 2116 im
727 2077 991 2117 Nebensatze

145 2134 448 2186 dargestellten
463 2133 649 2173 Zustand
664 2134 991 2174 unterbrechen-

59 2238 69 2246 ,
144 2191 195 2232 de
217 2191 320 2231 oder
340 2188 597 2230 austrebende
616 2190 850 2231 Thatsache
874 2192 956 2231 ein.

202 2248 300 2288 4-5.
332 2248 498 2302 inpleta,
529 2260 564 2288 s.
587 2247 654 2295 32,
692 2248 753 2295 12,
785 2247 823 2287 3.
845 2250 988 2288 —1'71-

146 2307 321 2360 terpret.
346 2319 382 2344 c.
407 2305 473 2355 20,
497 2305 536 2344 5.
567 2327 620 2333 —
650 2318 854 2355 securem,
885 2306 988 2344 nach

144 2375 316 2403 secures
344 2360 371 2414 ξ
400 2362 439 2412 4,
471 2361 677 2411 abstract,
715 2361 778 2401 als
815 2362 988 2415 Syrnbol

145 2420 222 2460 der
241 2418 408 2460 Gewnlt
436 2418 540 2458 iiber
563 2418 700 2458 Leben
737 2432 774 2457 u.
800 2418 904 2468 Tod,
935 2419 986 2458 da

145 2489 226 2516 von
256 2476 334 2515 «len
359 2475 604 2515 Decemvirn
630 2476 745 2516 nicht
773 2477 990 2528 provocirt

146 2533 317 2573 werden
339 2532 469 2582 kann,
492 2545 525 2571 s.
551 2531 598 2581 2,
630 2532 676 2582 S,
700 2531 739 2572 2.
779 2533 860 2572 Das
886 2533 990 2572 Des-

148 2589 335 2643 potiscbe
359 2590 527 2640 (regum
549 2592 724 2643 species,
754 2590 836 2640 vgl.
860 2604 896 2629 c.
920 2588 988 2642 38,

152 2647 198 2695 1;
229 2644 296 2692 39,
333 2645 369 2695 1)
402 2646 484 2695 lag,
513 2645 563 2684 da
591 2647 717 2685 sebon
747 2647 812 2686 die
842 2653 987 2686 ersten

148 2702 394 2743 Decemvirn
426 2703 492 2741 die
526 2702 639 2741 Beile
670 2704 812 2742 hatten
843 2703 987 2743 behal-

148 2765 217 2800 ten
242 2758 419 2807 kiinnen,
443 2759 574 2808 dario,
606 2759 702 2798 dass
724 2760 806 2799 alle
834 2762 883 2800 10
914 2761 990 2800 mit

147 2816 374 2856 denselben
397 2816 658 2855 erscbienen.
679 2838 736 2845 —
756 2819 796 2856 in
817 2817 989 2871 populo,

149 2873 188 2913 in
211 2872 454 2924 Contionen,
486 2873 569 2923 vgl.
601 2886 636 2912 c.
670 2873 738 2920 41,
774 2874 816 2915 1:
847 2874 916 2924 30,
954 2875 990 2925 1,

150 2929 196 2970 5.
226 2933 303 2970 aut
329 2932 371 2969 in
402 2933 555 2970 :enam
584 2933 660 2969 aut
687 2930 744 2971 ad
770 2931 989 2985 populum,

150 2987 228 3027 wie
260 2986 483 3035 Drakenb„
515 2988 610 3026 weil
641 2987 706 3027 die
731 2987 826 3026 Hss.
853 3002 989 3043 popu-

150 3042 240 3084 lum
269 3043 414 3093 baben,
443 3044 546 3083 auch
576 3057 626 3083 an
658 3058 698 3084 u.
731 3044 792 3084 St.
823 3057 991 3085 v-ermu

151 3100 256 3142 thet.
317 3099 371 3140 lm
408 3107 549 3140 ersten
587 3101 712 3141 Jabre
755 3102 845 3141 sind
889 3102 992 3141 noch

153 3154 323 3197 Senats-
372 3158 451 3197 und
495 3157 992 3210 Volksversammlungen

153 3213 346 3264 gehalten
369 3215 555 3263 worden,
578 3228 611 3254 s.
635 3228 669 3254 c.
694 3215 762 3263 39,
785 3216 824 3255 9.
856 3238 910 3245 -
939 3215 997 3256 ad

152 3272 324 3323 metum,
346 3269 387 3323 2,
409 3270 477 3323 27,
498 3271 547 3323 63
570 3271 609 3324 9,
633 3272 700 3322 40,
727 3272 791 3312 17.

1135 1738 1174 1776 6.
1206 1739 1566 1789 intercessionem,
1596 1750 1630 1776 s.
1654 1751 1688 1776 c.
1714 1735 1782 1784 34,
1805 1735 1844 1775 8.
1866 1758 1923 1765 —

1080 1808 1307 1845 consensu,
1358 1796 1457 1834 nael·
1498 1791 1846 1841 Uebereiukunst,
1887 1805 1921 1833 s.

1080 1849 1308 1899 c.56,12;
1337 1851 1454 1891 Dion.
1483 1852 1546 1901 10,
1581 1852 1653 1891 59:
1686 1845 1821 1914 ὅρκια
1851 1862 1917 1890 τε

1078 1921 1172 1972 μοι
1178 1920 1248 1952 τες
1268 1904 1512 1973 ἀπόῤῥητα
1535 1910 1596 1961 τῷ
1619 1904 1726 1959 π)ή
1723 1911 1787 1948 ‘lea
1814 1919 1924 1947 συν-

1082 1960 1230 2016 ’θήκας
1251 1967 1422 2017 σμ’σιν
1445 1961 1602 2010 αὐτοις
1624 1963 1787 2005 ἕθειῐο
1819 1964 1924 2018 περὶ

1080 2018 1289 2075 μη-’Ίειός
1328 2018 1541 2072 ἀλλήλοις
1576 2020 1924 2062 ἔνιανῐιοῦσῡαι.

1086 2077 1222 2119 Ueber
1249 2078 1314 2117 die
1339 2078 1779 2128 Zusaninienstellung
1809 2091 1923 2117 cous.

1081 2139 1188 2175 sust.
1218 2148 1252 2174 c.
1283 2135 1353 2186 19,
1378 2135 1421 2174 7:
1452 2137 1529 2175 hos
1551 2137 1701 2176 hostis.
1725 2157 1779 2164 -
1801 2134 1923 2174 colle-

1077 2205 1178 2244 gae,
1196 2192 1309 2231 eines
1333 2192 1437 2232 Coll.
1460 2215 1513 2222 —
1536 2195 1708 2243 cormgrt',
1734 2192 1827 2231 eine
1849 2205 1924 2230 an-

1081 2250 1203 2296 dere,
1242 2248 1413 2288 bessere
1446 2249 1757 2299 Entscheidung
1792 2249 1922 2297 geben

1081 2306 1235 2345 lassen.
1274 2329 1325 2334 —-
1364 2306 1531 2358 quaed„
1579 2320 1613 2347 c.
1653 2305 1726 2358 331,
1769 2305 1831 2344 11.
1870 2327 1924 2334 -

1081 2364 1340 2412 reice-issent,
1373 2364 1410 2413 5,
1437 2362 1503 2405 22,
1532 2363 1565 2403 l.

1139 2418 1233 2458 ἰ’-8.
1257 2423 1381 2469 iuter,
1403 2420 1536 2470 gleirh
1570 2419 1771 2459 vertheilt
1801 2424 1925 2457 unter

1081 2489 1211 2524 usw.;
1244 2476 1311 2526 27,
1336 2477 1402 2524 50,
1439 2477 1506 2515 1οε
1537 2476 1781 2532 dispensari
1798 2478 1924 2515 inter.

1078 2556 1125 2562 —
1161 2536 1328 2586 aequal.
1349 2535 1517 2586 —sue't.‚
1554 2546 1586 2573 s.
1616 2548 1650 2572 c.
1683 2531 1750 2579 26,
1786 2532 1848 2573 11.
1873 2555 1927 2560 -

1080 2592 1375 2630 abstinebatur
1395 2604 1433 2629 a.
1456 2605 1497 2645 p.
1521 2604 1595 2630 aus
1618 2591 1708 2629 dem
1733 2588 1832 2639 solg.
1864 2589 1927 2628 Iu-

1082 2647 1272 2688 bide‘nose
1296 2648 1583 2695 (willkiirlicb)
1605 2654 1685 2688 etc.
1710 2660 1760 2686 zu
1784 2646 1925 2685 erklii·

1084 2718 1174 2746 ren.
1195 2726 1249 2733 —
1272 2705 1487 2745 hominum
1511 2718 1583 2756 er.,
1614 2706 1816 2755 gebiirten
1849 2705 1925 2743 den

1084 2760 1309 2801 Menschen
1341 2775 1413 2813 an,
1443 2768 1661 2801 vertraten
1701 2762 1827 2800 deren
1861 2760 1925 2800 ln-

1082 2824 1269 2867 teresse;
1321 2819 1612 2869 Bezeicbnung
1650 2819 1725 2858 der
1766 2817 1928 2857 Par-tei-

1083 2875 1275 2923 licbkeit,
1314 2876 1396 2926 vgl.
1436 2890 1470 2916 c.
1510 2877 1577 2923 59,
1615 2876 1661 2914 4:
1700 2874 1813 2928 quod
1848 2876 1928 2914 tote·

1081 2932 1446 2987 plebt'ssur'uent:
1473 2947 1505 2972 c.
1533 2934 1599 2983 33,
1628 2933 1700 2971 ll:
1732 2932 1770 2977 6,
1809 2932 1871 2978 14,
1901 2935 1925 2969 u

1083 3003 1121 3029 u.
1145 3002 1182 3029 a.
1206 3012 1259 3018 —
1278 2992 1442 3043 gratia,
1467 2990 1504 3036 2,
1530 2990 1567 3040 3,
1597 2989 1634 3028 3.
1658 3012 1714 3018 —
1742 2988 1858 3028 domi
1876 3001 1926 3037 c.,

1083 3046 1290 3095 gebeimes
1321 3045 1566 3096 Verfahren,
1609 3047 1658 3085 dn
1695 3051 1813 3085 sonst
1841 3045 1924 3083 alle

1085 3102 1392 3143 Rechtssacben
1430 3103 1640 3142 {mendich
1679 3101 1925 3141 verbandelt

1085 3161 1270 3210 werden,
1306 3161 1391 3211 vgl.
1430 3160 1514 3199 Cic.
1552 3159 1650 3212 Rep.
1688 3159 1726 3206 2,
1765 3157 1831 3196 36.
1869 3179 1925 3186 -

1085 3217 1277 3271 οοιψαόῚ
1307 3218 1601 3257 schiniedeten.
1633 3238 1685 3244 —
1715 3214 1925 3268 appellas-

1084 3278 1274 3327 secate„
1309 3272 1815 3323 txiederhotungc.50,
1850 3270 1921 3320 12,
