2221 3537
0 2623 11 2779 ’.η-υ

349 203 453 253 264
947 202 1108 244 LIBER
1139 204 1190 246 V.
1250 203 1366 244 CAP.
1391 203 1430 244 2.
1452 203 1491 245 3.

1883 227 1933 250 a.
1958 227 1996 251 u.
2020 220 2099 253 351.
2126 241 2129 243 -

287 337 313 378 9
350 329 479 392 quod
505 328 683 378 tribuni
708 329 914 378 militum
935 329 983 379 in
1005 330 1140 395 plebe
1160 331 1382 379 Romano
1403 345 1606 395 regnum
1627 338 1914 381 exercerent.
1958 334 2100 398 quid-

348 414 458 447 nam
487 398 554 447 illi
582 400 806 448 consules
834 400 1150 449 dictatoresve
1176 401 1348 449 facturi
1373 408 1556 460 essent,
1591 401 1670 466 qui
1699 403 2099 466 proconsularem

348 469 602 532 imaginem
638 476 735 518 tam
769 486 958 519 saevam
988 487 1041 519 ac
1065 478 1246 520 trucem
1275 469 1509 520 fecerint?
1547 473 1630 521 sed
1657 472 1702 520 id
1731 473 1945 522 accidere
1968 473 2097 523 haud

348 539 589 589 inmerito
639 555 739 588 non
772 541 927 590 fuisse
953 555 1013 589 ne
1039 541 1087 589 in
1117 548 1226 590 octo
1254 541 1445 605 quidem
1471 542 1678 591 tribunis
1705 543 1910 592 militum
1935 543 2097 593 locum

258 619 310 659 10
349 609 428 657 ulli
463 609 667 673 plebeio,
720 617 857 659 antea
892 611 1017 659 trina
1042 612 1144 660 loca
1173 627 1281 660 cum
1311 611 1621 661 contentione
1648 628 1839 662 summa
1865 613 2096 678 patricios

348 679 537 742 explere
563 681 757 738 solit03‚
787 697 913 729 nunc
940 682 1031 729 iam
1062 682 1307 744 octoiuges
1336 682 1392 730 ad
1421 682 1621 746 imperia
1648 683 1907 732 obtinenda
1933 683 2023 741 ire,
2051 690 2100 732 et

258 759 307 798 11
346 764 406 798 ne
442 751 490 798 in
526 750 667 798 turba
704 751 896 813 quidem
926 751 1122 800 haerere
1149 752 1387 815 plebeium
1415 768 1733 816 quemquam,
1772 753 1876 815 qui,
1912 753 1955 801 si
1979 753 2099 802 nihil

346 819 486 877 aliud,
516 821 772 868 admoneat
798 821 999 883 collegas
1026 821 1204 870 liberos
1233 829 1279 870 et
1307 822 1432 870 cives
1460 838 1630 870 eorum
1656 837 1756 870 non
1784 838 1950 871 servos
1970 823 2099 872 mili-

260 899 310 940 12
346 897 467 947 tare,
503 906 627 953 quos
664 891 820 938 hieme
857 891 1023 938 saltem
1061 892 1107 939 in
1144 892 1318 939 domos
1355 907 1409 939 ac
1432 898 1555 940 tecta
1581 891 1744 941 reduci
1771 898 2020 957 oporteat,
2053 899 2100 942 et

345 960 502 1022 aliquo
541 967 763 1023 tempore
801 961 911 1008 anni
939 967 1163 1024 parentes
1188 962 1462 1024 liberosque
1489 977 1542 1010 ac
1567 963 1797 1026 coniuges
1822 963 2028 1012 invisere
2053 969 2100 1012 et

258 1038 308 1078 13
348 1045 582 1092 usurpare
615 1030 879 1078 libertatem
927 1039 972 1078 et
1007 1047 1169 1079 creare
1203 1033 1532 1095 magistratus.
1582 1033 1701 1082 haec
1734 1033 1939 1096 taliaque
1964 1034 2098 1082 voci-

341 1099 553 1148 ferantes
581 1100 906 1148 adversarium
936 1101 1060 1149 baud
1090 1102 1305 1165 inparem
1335 1103 1460 1150 nacti
1487 1109 1598 1151 sunt
1619 1104 1705 1166 Ap.
1728 1102 1992 1161 Claudium,
2019 1118 2098 1152 re-

345 1169 509 1218 lictum
545 1186 569 1217 a
597 1170 791 1233 collegis
821 1172 877 1219 ad
906 1171 1183 1220 tribunicias
1212 1173 1477 1221 seditiones
1507 1173 1906 1237 conprimendas,
1941 1173 2097 1222 virum

262 1252 313 1291 14
346 1239 565 1288 inbutum
607 1240 699 1288 iam
737 1241 793 1288 ab
833 1241 1021 1290 iuventa
1060 1243 1401 1291 certaminibus
1438 1243 1639 1306 plebeis,
1680 1260 1820 1308 quem
1848 1249 2095 1293 auctorem

345 1310 528 1373 aliquot
563 1311 701 1358 annis
742 1318 851 1359 ante
883 1312 1034 1360 fuisse
1068 1321 1389 1361 memoratum
1419 1320 1490 1362 est
1516 1329 1602 1377 per
1630 1315 1917 1377 collegarum
1943 1314 2096 1363 inter-

346 1381 616 1429 cessionem
645 1381 931 1429 tribuniciae
960 1383 1212 1446 potestatis
1242 1383 1587 1434 dissolvendae.

484 1451 530 1498 Is
567 1457 670 1498 tum
707 1452 797 1499 iam
835 1466 933 1498 non
970 1460 1228 1515 promptus
1266 1453 1458 1516 ingenio
1493 1459 1679 1502 tantum
1718 1453 1802 1501 sed
1837 1467 1930 1502 usu
1953 1452 2096 1502 etiam

343 1520 627 1568 exercitatus
656 1521 796 1568 talem
826 1522 1093 1570 orationem
1125 1523 1312 1570 habuit:
1350 1523 1431 1580 „si
1459 1539 1686 1587 umquam
1716 1522 1980 1572 dubitatum
2010 1528 2097 1582 est,

344 1591 580 1648 QuiriteS,
618 1596 780 1639 utrum
817 1591 995 1640 tribuni
1032 1592 1183 1655 plebis
1219 1600 1374 1641 vestra
1409 1609 1466 1642 an
1504 1609 1591 1642 sua
1628 1609 1768 1642 causa
1803 1593 2096 1643 seditionum

273 1457 305 1506 3

282 1534 307 1574 2

400 1758 437 1796 9.
471 1757 751 1798 dictatoresve
773 1765 874 1809 etc„
898 1773 930 1800 s.
956 1760 993 1809 3,
1021 1760 1083 1809 11,
1111 1761 1174 1800 13.

342 1837 395 1842 —-
418 1814 615 1866 quidnam
632 1819 834 1865 —essent,
868 1817 932 1855 die
957 1816 1076 1855 Form
1102 1819 1176 1856 der

342 1871 613 1920 eigentlielien
653 1871 785 1921 Frage
829 1873 883 1911 ist
920 1874 1009 1911 bier
1044 1886 1174 1923 unge-

342 1927 569 1975 wo'hnlich‚
602 1928 649 1965 da
680 1941 768 1966 man
795 1929 870 1967 wie
896 1928 932 1978 S,
957 1929 1022 1977 31,
1049 1931 1094 1977 ὃς
1121 1930 1172 1969 ib.

342 1982 405 2033 33,
430 1983 698 2035 19saeturos
721 1998 813 2023 esse
835 1992 1049 2035 erwartet,
1073 1987 1174 2025 doch

343 2040 397 2077 ist
442 2039 623 2078 dieselbe
662 2041 740 2078 wol
779 2042 960 2089 geu'a'lilt
1003 2055 1066 2080 uin
1110 2044 1173 2081 die

342 2094 477 2133 Hiirer
504 2093 798 2134 auszufordern
838 2098 921 2135 sicli
961 2099 1092 2137 selbst
1123 2112 1173 2137 zu

339 2149 497 2202 fragen,
521 2153 700 2191 dariiber
722 2154 1063 2202 narbzudenken,
1088 2168 1172 2193 was

337 2230 364 2235 —-
393 2210 489 2246 tliun
523 2208 711 2258 uiirden,
751 2210 947 2248 wiihrend
979 2211 1052 2248 der
1082 2210 1173 2249 iuli-

339 2263 410 2302 nit.
449 2277 524 2302 nur
553 2265 796 2313 andeutete,
836 2267 931 2304 dass
969 2279 1058 2305 inan
1091 2280 1170 2306 von

340 2320 457 2358 ibnen
488 2320 603 2358 Alles
627 2335 677 2359 zu
707 2319 897 2360 fiirrhten
932 2323 1054 2370 habe,
1087 2324 1169 2373 vgl.

339 2375 411 2424 39,
449 2376 820 2427 4,11;36‚4u‚
855 2379 900 2415 ῖς
932 2379 1007 2428 41,
1051 2380 1092 2429 7,
1133 2380 1170 2418 8.

337 2454 392 2460 —
412 2445 604 2483 procons.
638 2436 789 2484 imagu,
828 2447 904 2472 nur
935 2436 997 2473 ein
1023 2435 1167 2474 Sebat-

341 2489 496 2526 tenbild
536 2490 609 2527 der
641 2491 848 2528 consular.
882 2490 1038 2538 Macht,
1069 2505 1101 2529 s.
1134 2504 1169 2530 c.

345 2543 406 2592 10,
431 2544 476 2581 3:
507 2545 721 2584 consulari
737 2549 968 2598 potestate,
1000 2547 1039 2594 4,
1064 2548 1098 2597 7,
1125 2548 1138 2585 1
1159 2560 1167 2594 3

339 2598 448 2638 Gell.
475 2599 544 2647 14,
578 2601 614 2645 7,
639 2602 681 2638 5:
714 2603 1057 2641 extraordinario
1079 2607 1169 2641 iure

338 2656 531 2694 tribunos
551 2656 776 2705 militares,
800 2660 872 2708 qm'
888 2672 965 2709 pro
989 2658 1167 2697 0011311Ιὶ-

339 2713 647 2761 bussm'ssent:
674 2713 788 2751 Dion.
814 2714 935 2761 11,62
955 2711 1041 2752 (ἐνί)
1053 2712 1167 2752 ὑπα-

339 2781 416 2812 τος
432 2763 569 2819 ἀρχῆς
589 2769 688 2806 doch
709 2770 847 2807 hatten
868 2771 1167 2808 dieConsular-

339 2824 432 2862 trib.
448 2825 555 2863 nicht
572 2825 946 2863 alleinausserhalb
967 2827 1168 2865 ‹lvrStadt

340 2880 411 2918 das
435 2881 669 2932 imperium,
703 2883 780 2920 wie
812 2882 954 2933 spa'ler
977 2882 1040 2920 die
1066 2883 1167 2921 Pro-

340 2936 509 2974 consuln
534 2935 600 2975 siit·
623 2938 736 2975 ihren
754 2938 987 2976 Amtskreis
1011 2952 1043 2976 s.
1070 2939 1107 2987 3,
1129 2939 1165 2988 2,

340 2991 385 3030 2;
419 2992 470 3030 ib.
496 2993 532 3040 4,
556 2992 601 3030 2;
633 2995 809 3032 sondern
842 3007 886 3032 so
912 2995 1009 3032 weit
1031 3008 1073 3032 es
1096 3008 1166 3042 ge-

339 3054 487 3087 stattet
511 3061 616 3099 war,
646 3051 746 3088 auch
780 3051 817 3088 in
850 3051 924 3089 der
946 3050 1065 3089 Stadt
1088 3052 1167 3089 und

339 3105 427 3142 hier
457 3105 642 3154 zugleich
675 3107 738 3144 die
770 3112 954 3157 potestas
977 3107 1168 3144 consula-

340 3160 408 3207 ris,
433 3173 465 3198 s,
489 3163 528 3210 4,
552 3161 618 3210 54,
640 3161 675 3200 Τ.
699 3185 753 3190 -
777 3164 901 3212 trina,
922 3163 999 3201 wie
1018 3162 1082 3210 23,
1102 3162 1167 3213 49,

339 3216 363 3255 6
405 3219 519 3256 trina
558 3221 700 3258 castra
740 3218 804 3258 bei
841 3219 972 3259 einem
1006 3218 1166 3272 plurale

1266 1768 1437 1801 tantum.

1326 1819 1389 1858 10.
1421 1820 1647 1867 nunciam,
1670 1816 1709 1868 3,
1731 1817 1795 1869 40,
1824 1817 1888 1856 10.
1910 1839 1965 1846 —
1986 1821 2099 1858 octo·

1264 1877 1407 1926 iuges,
1431 1876 1495 1912 ein
1519 1875 1696 1922 seltner,
1726 1887 1806 1913 von
1837 1875 1912 1913 den
1937 1874 2098 1914 circen-

1266 1932 1428 1969 sisclien
1454 1931 1632 1982 Spielen,
1654 1943 1719 1969 wo
1742 1931 1930 1970 mebrere
1949 1928 2096 1970 Pserde

1266 1987 1396 2025 neben
1439 1987 1637 2025 einander
1675 1992 1878 2039 gespannt
1911 1987 2098 2036 worden,

1267 2044 1506 2082 entlebnter
1529 2043 1766 2092 Ausdruck,
1796 2042 1878 2093 vgl.
1902 2041 1941 2092 6,
1963 2042 2031 2093 37,
2053 2042 2094 2082 6.

1265 2102 1370 2138 -ιίι
1391 2102 1513 2138 turba
1530 2100 1585 2149 Ιι.,
1599 2101 1847 2149 ungeacbtet
1861 2097 2095 2149 derMenge

1263 2179 1291 2183 —
1313 2157 1375 2194 ein
1402 2156 1562 2194 blosses
1585 2155 1823 2205 Anhangsel
1847 2157 1985 2204 seien3
2010 2153 2094 2195 Cic.

1264 2211 1358 2252 Vat.
1397 2212 1443 2261 5,
1485 2212 1557 2251 11:
1609 2215 1708 2251 tiene
1744 2215 1831 2250 te-
1853 2215 2095 2251 emti-emam

1263 2269 1472 2314 haas-issa
1497 2268 1539 2307 S.
1563 2267 1682 2306 Rosc.
1703 2266 1769 2317 32,
1788 2267 1860 2306 89:
1882 2270 1923 2306 in
1941 2280 2094 2319 grege.

1263 2324 1548 2374 -aclmoneat,
1567 2324 1842 2372 derdadurcb,
1862 2323 1956 2362 dass
1970 2336 2016 2362 er
2033 2325 2095 2362 in-

1263 2382 1504 2428 tercedirte,
1523 2381 1583 2418 sie
1602 2380 1728 2418 daran
1752 2379 1944 2418 erinnern
1963 2378 2094 2418 14601]-

1261 2442 1317 2474 te.
1348 2459 1397 2464 —-
1433 2438 1560 2482 cit-es,
1593 2448 1625 2473 s.
1658 2435 1695 2483 4,
1727 2436 1764 2483 3,
1795 2436 1832 2473 3.
1860 2457 1917 2463 -
1943 2447 2092 2489 usurp.

1260 2492 1351 2542 lib„
1382 2492 1595 2529 bisweilen
1628 2491 1664 2529 in
1690 2491 1960 2541 Anwendung
1980 2490 2096 2531 brin-

1260 2560 1352 2595 gen,
1376 2560 1440 2585 um
1464 2561 1539 2585 nur
1561 2560 1610 2585 zu
1635 2547 1777 2596 zeigen
1794 2577 1804 2597 ,
1827 2547 1921 2585 dass
1945 2547 2006 2586 sie
2027 2547 2094 2587 ein

1261 2603 1390 2642 neem
1413 2602 1562 2642 darauf
1581 2604 1731 2651 baben,
1756 2616 1788 2642 s.
1814 2601 1852 2653 3,
1877 2603 1943 2652 71,
1968 2603 2013 2652 73
2039 2603 2092 2643 im

1262 2659 1390 2698 Feme
1423 2661 1511 2698 sind
1544 2659 1604 2697 sie
1636 2660 1747 2698 nieht
1776 2658 1876 2706 snei,
1913 2660 2091 2699 sandei-n

1262 2721 1385 2753 unter
1425 2717 1512 2754 dem
1555 2716 1766 2767 imperium
1803 2715 1982 2755 militare
2018 2716 2091 2755 des

1259 2771 1502 2825 Feldlierrn,
1524 2772 1605 2820 vgl.
1629 2772 1667 2820 7,
1696 2771 1757 2822 16,
1780 2771 1818 2811 8.

1320 2827 1401 2866 13-
1422 2829 1480 2867 14.
1511 2828 1722 2874 rele‘ctum,
1755 2828 1856 2867 nach
1885 2840 1920 2866 c.
1951 2828 1989 2880 7,
2014 2828 2088 2879 123

1260 2883 1295 2929 8,
1316 2884 1361 2922 12
1382 2897 1519 2923 waren
1544 2885 1644 2923 noch
1663 2885 1852 2923 mebrere
1864 2882 2090 2924 Consular-

1262 2940 1448 2979 tribunen
1481 2941 1517 2979 in
1549 2942 1622 2978 der
1651 2941 1790 2987 Stadt,
1827 2939 1982 2991 Appius
2013 2953 2091 2982 nur

1259 2997 1334 3034 der
1391 2997 1682 3035 entscbiedene
1738 2995 1960 3035 Vertreter
2015 2997 2091 3037 der

1261 3053 1390 3091 Sache
1414 3053 1492 3091 und
1517 3052 1594 3090 wol
1624 3049 1858 3104 praefectus
1882 3051 2016 3101 urbis,
2046 3053 2086 3102 4,

1259 3108 1332 3157 36,
1373 3110 1410 3147 5.
1448 3131 1503 3138 -—-
1537 3110 1727 3158 iuventa,
1764 3106 1838 3155 26,
1868 3106 1914 3158 2,
1947 3107 2011 3147 15.
2033 3131 2090 3138 —

1257 3168 1435 3215 auctor„
1459 3165 1498 3214 4,
1521 3164 1587 3203 48.

1315 3213 1364 3260 3.
1394 3219 1505 3260 2-6.
1536 3233 1617 3261 sua
1636 3232 1685 3272 c.‚
1707 3231 1740 3259 s.
1762 3218 1801 3271 3,
1824 3217 1892 3270 68,
1915 3219 1988 3271 113
2011 3232 2089 3260 zur
2128 3244 2136 3249 -
