2221 3537
278 194 343 241 56
885 187 1042 230 LIBER
1072 187 1136 230 ΙΙΙ.
1197 188 1314 230 CAP.
1344 188 1412 230 28.

1826 209 1859 233 a.
1884 209 1921 233 u.
1946 201 2027 236 296.

273 319 432 374 beant,
462 317 662 366 militem
691 332 802 366 cum
829 317 974 366 armis
1003 316 1220 380 valloque
1246 315 1401 364 redire
1426 316 1472 365 in
1502 317 1700 367 ordines
1722 330 1858 366 suos,
1901 316 2024 366 facta

214 399 237 437 2
276 403 395 452 quae
428 388 695 452 imperavit.
758 394 884 447 tum,
905 403 999 451 quo
1026 387 1215 436 fuerant
1242 386 1410 435 ordine
1434 387 1484 436 in
1503 388 1600 445 via,
1629 387 1891 437 exercitum
1917 401 2025 436 om-

274 474 387 507 nem
429 458 573 522 longo
616 459 802 522 agmine
849 458 1110 507 circumdat
1154 457 1368 506 hostium
1406 458 1574 507 castris
1609 465 1680 518 et,
1715 457 1797 507 ubi
1831 457 2023 522 signum

276 530 439 578 datum
463 530 546 587 sit,
589 529 847 578 clamorem
888 543 1057 576 omnes
1094 527 1259 575 tollere
1295 527 1440 586 iubet,
1470 529 1678 578 clamore
1705 527 1890 578 sublato
1917 533 2028 578 ante

215 609 238 648 3
277 615 329 648 se
367 615 607 664 quemque
640 600 813 648 ducere
838 599 1023 647 fossam
1058 603 1104 645 et
1130 597 1284 646 iacere
1310 598 1498 647 vallum.
1552 599 1680 648 edito
1717 598 1922 663 imperio
1958 598 2028 647 si-

276 685 424 734 gnum
452 677 671 720 secutum
710 676 798 718 est.
851 669 982 717 iussa
1018 668 1155 716 miles
1193 669 1483 732 exsequitur.
1530 670 1711 719 clamor
1736 670 1904 718 hostes
1933 668 2027 718 cir—

279 748 561 799 cumsonat3
598 747 795 804 superat
828 739 939 787 inde
966 745 1120 787 castra
1146 738 1360 788 hostium
1389 746 1435 788 et
1460 740 1508 788 in
1536 747 1690 790 castra
1717 738 1931 789 consulis
1945 754 2029 788 ve—

217 822 242 860 —1
280 812 371 866 nit:
409 812 518 860 alibi
547 826 798 875 pavorem,
835 809 942 857 alibi
980 809 1203 872 gaudium
1241 810 1407 873 ingens
1434 809 1559 859 facit.
1611 809 1819 859 Romani
1846 807 2030 859 civilem

276 898 382 931 esse
417 883 677 931 clamorem
706 888 846 944 atque
880 880 1106 929 auxilium
1134 880 1302 928 adesse
1335 880 1459 928 inter
1497 896 1548 929 se
1583 879 1876 944 gratulantes
1900 879 2028 929 ultro

274 969 330 1000 ex
367 952 658 1001 stationibus
696 966 749 999 ac
784 951 955 1015 vigiliis
991 951 1210 999 territant
1244 951 1454 999 hostem.
1507 951 1679 1000 consul
1713 950 2028 1000 differendum

213 1035 236 1074 5
272 1030 436 1086 negat:
473 1022 551 1070 illo
590 1022 798 1070 clamore
834 1036 935 1070 non
970 1021 1225 1070 adventum
1261 1021 1408 1069 modo
1437 1021 1710 1085 significari,
1732 1021 1817 1070 sed
1842 1036 1946 1070 rem
1971 1020 2030 1070 ab

275 1093 376 1141 suis
405 1099 648 1157 coeptam3
677 1092 952 1156 mirumque
979 1107 1110 1150 esse,
1135 1091 1184 1139 ni
1211 1092 1306 1140 iam
1332 1093 1567 1141 exteriore
1593 1098 1729 1157 parte
1757 1096 1910 1141 castra
1935 1091 2030 1140 ho-

275 1163 421 1212 stium
460 1169 818 1228 oppugnentur.
858 1163 1014 1227 itaque
1041 1177 1173 1211 arma
1201 1177 1320 1211 suos
1351 1177 1520 1226 capere
1546 1169 1593 1212 et
1619 1179 1670 1212 se
1697 1161 1927 1227 subsequi
1952 1161 2031 1211 iu-

213 1247 237 1286 6
272 1234 364 1284 bet.
424 1240 567 1283 nocte
602 1234 773 1282 initum
811 1234 1050 1298 proelium
1086 1239 1173 1282 est.
1231 1232 1499 1296 legionibus
1535 1233 1783 1282 dictatoris
1821 1233 2031 1282 clamore

275 1305 545 1368 significant
571 1304 627 1353 ab
657 1319 710 1352 ea
739 1319 933 1368 quoque
958 1311 1095 1368 parte
1115 1318 1215 1352 rem
1238 1304 1287 1352 in
1309 1304 1588 1353 discrimine
1608 1319 1733 1353 esse.
1777 1303 1871 1352 iam
1893 1318 1946 1352 se
1970 1302 2031 1352 ad

274 1375 576 1440 prohibenda
613 1375 902 1424 circumdari
942 1390 1089 1439 opera
1116 1374 1266 1437 Aequi
1304 1374 1550 1438 parabant,
1579 1389 1686 1424 cum
1715 1374 1774 1423 ab
1801 1373 2032 1423 interiore

277 1447 418 1495 hoste
444 1446 631 1510 proelio
661 1451 858 1509 coepto,
894 1460 954 1494 ne
989 1460 1075 1510 per
1110 1445 1267 1493 media
1299 1459 1384 1493 sua
1424 1451 1578 1494 castra
1612 1445 1748 1495 fieret
1772 1443 1980 1508 eruptio,
2005 1458 2033 1493 a

273 1516 603 1565 munientibus
630 1515 687 1564 ad
714 1521 983 1579 pugnantes
1011 1515 1277 1564 introrsum
1306 1515 1431 1564 versi
1458 1530 1657 1565 vacuam
1679 1520 1873 1565 noctem
1893 1514 2031 1579 operi

215 1601 238 1640 8
276 1587 475 1645 dedere3
511 1593 873 1650 pugnatumque
917 1601 1025 1635 cuin
1071 1585 1270 1635 consule
1309 1586 1366 1634 ad
1400 1585 1556 1635 lucem
1597 1592 1685 1636 est.
1735 1586 1841 1635 luce
1873 1584 2032 1650 prima

275 1658 368 1706 iam
398 1656 738 1706 circumvallati
767 1656 824 1705 ab
852 1656 1085 1706 dictatore
1106 1661 1256 1714 erant,
1285 1661 1330 1705 et
1353 1655 1428 1705 vix
1454 1657 1685 1707 adversus
1711 1671 1863 1706 unum
1890 1660 2031 1705 ex'er-

275 1729 420 1777 citum
450 1743 662 1792 pugnarn
690 1727 1008 1776 sustinebant.
1052 1734 1205 1801 tuma
1234 1727 1523 1785 Quinctiano
1552 1727 1773 1786 exercitu,
1802 1725 1883 1791 qui
1909 1739 2031 1776 con-

272 1867 340 1918 40,
363 1868 431 1919 47,
455 1867 491 1907 S.
519 1891 572 1895 -—
604 1867 788 1918 ordines,
818 1868 856 1907 in
888 1868 975 1906 ihre
999 1866 1104 1906 Cen-

271 1925 407 1963 turien
444 1924 523 1962 und
556 1923 725 1963 Reihen.
764 1948 812 1952 —
854 1937 948 1964 cum
984 1937 1104 1976 arm.,

270 1981 1106 2020 dieSoldatenverrichtetendieSchanz-

270 2037 404 2076 arbeit
427 2037 660 2086 bewaffnet,
691 2038 773 2087 vgl.
803 2036 829 2089 ξ
859 2037 895 2076 8.
928 2061 978 2065 -
999 2039 1108 2087 sue-

271 2097 382 2139 runt,
409 2093 473 2144 22,
495 2093 532 2146 4,
556 2094 592 2133 7.
617 2117 670 2122 ——
691 2094 817 2145 longo
839 2108 924 2146 agn,
948 2094 998 2132 im
1024 2093 1105 2133 Ge-

270 2155 468 2200 gensatze
492 2163 542 2188 zu
565 2151 638 2189 der
664 2163 696 2189 c.
720 2149 785 2197 27,
811 2150 834 2188 6
864 2151 1105 2190 erw'zihnten

272 2207 544 2255 Anordnung,
594 2206 837 2245 bezeichnet
884 2212 1002 2246 sonst
1042 2207 1106 2246 die

272 2263 628 2312 Marschordnung
670 2262 820 2314 selbst,
861 2276 978 2310 wenn
1023 2263 1106 2302 ein-

271 2319 389 2359 zelne
419 2319 738 2370 Abtheiluagen,
766 2319 991 2370 Colonnen,
1021 2320 1108 2359 hin-

272 2383 338 2415 ter
360 2377 558 2415 einander
580 2377 723 2427 gehen,
746 2375 813 2426 35,
838 2376 903 2425 27,
931 2376 1001 2415 15:
1033 2378 1105 2415 ob-

272 2435 461 2472 tinebant
481 2433 606 2484 longo
635 2435 804 2485 agmine
830 2436 1006 2486 propter
1034 2446 1109 2471 an-

269 2491 439 2539 gustias
457 2491 546 2528 riae
561 2490 740 2541 quinque
756 2489 872 2528 milia
886 2502 1105 2543 passuum.

273 2545 391 2584 Caes.
412 2544 451 2583 Β.
478 2544 526 2583 G.
551 2544 588 2593 2,
615 2545 677 2590 1ῖ,
705 2545 788 2594 vgl.
813 2544 857 2585 L.
889 2544 954 2593 22,
985 2544 1024 2594 4,
1055 2544 1105 2591 43

277 2601 338 2650 10,
359 2599 425 2647 35,
453 2600 523 2647 173
548 2612 595 2638 an
620 2613 659 2639 u.
683 2600 744 2639 St.
767 2601 1017 2640 marschiren
1042 2601 1106 2639 die

274 2657 490 2695 einzelnen
528 2655 707 2708 Manipel
748 2657 849 2695 oder
884 2656 1107 2696 Centurien

275 2713 403 2752 ncben
427 2713 626 2751 einander
646 2710 719 2750 auf
736 2714 814 2751 und
837 2714 1004 2752 macheu
1035 2726 1106 2763 ge-

275 2782 351 2819 gen
381 2769 453 2808 das
486 2768 621 2819 Lager
651 2768 795 2809 Front.
819 2792 872 2797 —
894 2783 1106 2822 quemque,

276 2827 334 2865 sie
373 2826 556 2864 miissten
585 2825 687 2864 dann
713 2826 831 2864 einen
858 2825 976 2865 Mann
1009 2827 1107 2865 boch

274 2883 500 2933 gestanden
524 2882 665 2920 haben.

333 2937 428 2977 3-6.
463 2937 570 2977 edito
603 2940 714 2991 imp„
747 2938 939 2977 nachdem
964 2939 1037 2977 der
1059 2951 1108 2977 an

276 2996 340 3034 die
358 2994 565 3034 Tribunen
586 2995 784 3033 zuniichst
803 2995 1014 3033 erlassene
1035 2995 1109 3034 Be-

277 3050 359 3090 fehl
394 3051 520 3090 durch
558 3051 622 3089 die
660 3050 774 3090 Linie
820 3050 1000 3090 bekannt
1034 3064 1108 3102 ge-

276 3108 411 3146 macht
442 3107 518 3157 ist,
553 3107 656 3146 wird
684 3107 757 3146 mit
787 3107 860 3146 der
890 3106 1004 3146 'ruba
1035 3108 1106 3147 das

277 3163 454 3203 Zeichen
477 3163 674 3214 gegeben,
702 3163 797 3203 dass
821 3176 867 3202 er
887 3163 1106 3214 vollzogen

277 3221 441 3259 werden
484 3219 577 3259 soll.
640 3219 714 3260 Die
756 3220 1027 3271 Darstellung
1068 3221 1105 3260 in

1195 1868 1352 1906 kurzen
1389 1866 1543 1906 Siitzen
1580 1867 1658 1906 wie
1697 1880 1731 1907 c.
1772 1865 1842 1918 18,
1878 1863 1942 1907 7f.
1976 1887 2032 1896 —

1196 1923 1305 1976 alibi,
1343 1936 1421 1962 von
1446 1924 1550 1963 zwei
1573 1923 1701 1964 Orten
1724 1923 1803 1963 wie
1830 1922 1863 1974 l,
1893 1921 1959 1973 21,
1990 1921 2029 1963 6:

1197 1980 1319 2020 alius.
1350 2003 1405 2008 —
1433 1982 1608 2031 mirum,
1637 1983 1698 2032 ni,
1725 1980 1895 2030 gewiss‚
1925 1991 2030 2030 ganz

1199 2038 1346 2088 sicher,
1383 2042 1503 2076 sonst
1537 2037 1652 2076 mehr
1685 2037 1759 2076 der
1794 2035 2031 2076 Conversa-

1199 2094 1331 2132 tions-
1358 2094 1439 2132 und
1468 2093 1813 2146 Dichtersprache
1847 2092 2032 2142 angeliti-

1200 2151 1315 2189 rend.
1344 2173 1387 2178 —
1429 2162 1519 2190 rem
1545 2151 1590 2189 in
1626 2149 1666 2191 d.
1705 2163 1754 2201 e.,
1785 2149 1859 2189 der
1885 2146 2036 2202 Rumpf

1200 2207 1300 2246 habe
1343 2206 1577 2256 begonnen,
1620 2218 1664 2245 es
1707 2206 1767 2245 sei
1806 2218 1859 2245 zu
1898 2205 2032 2245 einem

1170 2263 1547 2303 ·entscheidenden
1601 2260 1806 2301 Momente
1861 2260 2031 2312 gekom-

1196 2332 1301 2359 mess-

1256 2431 1293 2468 7.
1336 2429 1391 2469 ad
1421 2431 1585 2483 prohib.
1624 2436 1719 2479 etc„
1751 2431 1801 2470 da
1829 2431 2031 2486 prohibeo

1198 2487 1274 2526 den
1296 2498 1382 2525 acc.
1405 2500 1438 2525 c.
1461 2485 1531 2537 inf,
1554 2487 1697 2537 haben,
1716 2500 1749 2527 s.
1773 2487 1812 2537 5,
1834 2487 1899 2540 49,
1921 2486 1968 2537 8;
1991 2488 2032 2540 4,

1199 2543 1236 2592 2,
1258 2542 1325 2581 12:
1349 2542 1461 2582 illine
1476 2567 1502 2571 —
1518 2547 1681 2584 armari
1698 2545 1910 2584 civitatem
1925 2557 2034 2599 pro-

1198 2600 1394 2639 hibeant?
1414 2600 1509 2650 und,
1532 2613 1651 2640 wenn
1675 2601 1740 2640 die
1758 2600 1915 2652 thiitige
1932 2600 2033 2641 Per·

1199 2669 1272 2694 son
1297 2656 1407 2695 nicht
1429 2663 1608 2707 genannt
1632 2658 1701 2706 ist,
1731 2656 1865 2697 selbst
1891 2657 1932 2697 in
1959 2657 2032 2698 das

1200 2712 1345 2752 Passiv
1369 2712 1602 2763 iibergehen
1626 2713 1754 2753 kann:
1784 2715 1932 2754 civitas
1959 2726 2033 2755 ar-

1199 2771 1311 2809 mari
1326 2770 1590 2823 prohibetur,
1622 2783 1750 2824 opera
1776 2769 2036 2811 circumdari

1199 2826 1485 2880 prohibentur,
1515 2839 1560 2866 so
1592 2826 1699 2866 liisst
1726 2825 1811 2865 sich
1834 2825 1937 2865 auch
1957 2826 2031 2867 das

1201 2883 1414 2932 gerundiv.
1437 2884 1510 2922 mit
1531 2884 1620 2923 dem
1642 2895 1746 2922 nom.
1770 2895 1804 2922 c.
1832 2879 1903 2923 inf.
1933 2894 2031 2923 ver-

1202 2939 1370 2977 binden:
1422 2952 1550 2993 opera
1591 2937 1850 2979 circumdari
1880 2939 2031 2993 prohi-

1201 2995 1353 3042 benda3
1387 2994 1451 3047 22,
1477 2995 1543 3046 60,
1575 2994 1618 3034 3:
1647 3007 1721 3035 nec
1746 2994 2031 3049 prohibendos

1199 3065 1254 3091 ατ
1272 3054 1440 3105 privato
1463 3051 1630 3092 red-imi.
1652 3074 1707 3080 —
1727 3064 1915 3104 υαοααηι,
1936 3048 2028 3104 frei,

1197 3110 1428 3158 ungestb’rt,
1465 3121 1497 3148 s.
1535 3107 1600 3159 31,
1633 3107 1667 3160 1,
1700 3107 1748 3155 93
1788 3119 1918 3159 gegen
1954 3108 2028 3148 das

1198 3163 1307 3203 Heer
1336 3164 1408 3204 des
1437 3164 1646 3204 Dictatore
1674 3163 1813 3204 hiitten
1843 3164 1934 3203 also
1963 3163 2028 3206 die

1197 3220 1363 3274 Aequer
1384 3233 1459 3273 gar
1480 3220 1611 3260 nichts
1632 3220 1797 3273 gethan.
