2221 3537
109 246 144 268 a.
161 233 231 269 oh.
256 235 335 268 461.
353 234 432 267 ⁴60.

737 217 898 260 Lmen
928 217 995 260 111.
1047 217 1166 258 cAr.
1191 218 1257 258 15.
1804 221 1861 270 31

108 350 494 402 coniurationem
519 348 720 406 factam3
754 347 1021 397 Caesonem
1049 346 1233 395 Romae
1257 360 1388 404 esse3
1421 345 1870 397 interficiendorum
1907 359 1931 397 3

107 421 441 478 tribunorum,
475 418 792 469 trucidandae
830 418 984 483 plebis
1018 417 1220 467 consilia
1247 416 1388 475 inita,
1414 417 1461 465 id
1489 417 1670 479 negotii
1699 418 1865 468 datum

105 492 167 544 ab
191 489 467 547 senioribus
503 496 719 555 patrum,
755 497 810 539 ut
842 491 1066 539 iuventus
1103 487 1409 537 tribuniciam
1446 494 1734 551 potestatem
1763 505 1788 537 e
1815 505 1867 539 re

103 561 291 628 publica
325 561 538 619 tolleret,
571 560 828 624 formaque
861 560 1028 609 eadem
1064 559 1270 608 civitatis
1307 568 1459 614 esset,
1489 573 1614 621 quae
1641 566 1749 606 ante
1777 560 1867 607 Sa-

102 646 240 682 crum
275 639 495 682 montem
523 639 812 696 occupatum
840 632 1012 680 fuerat.
1066 631 1125 679 Et
1149 646 1174 678 a
1203 629 1387 678 Volscis
1415 637 1463 677 et
1487 630 1665 693 Aequis
1687 637 1866 679 statum
1907 643 1932 682 4

102 703 196 753 iam
223 718 279 753 ac
302 718 460 768 prope
487 703 721 752 sollemne
747 703 795 751 in
824 703 1042 766 singulos
1071 715 1228 750 annos
1255 701 1431 749 bellum
1451 700 1726 758 timebatur,
1753 716 1871 765 pro-

101 774 312 839 piusque
340 775 466 824 aliud
500 789 683 824 novum
711 773 892 823 malum
921 773 1212 837 necopinato
1239 780 1478 821 exortum.
1530 771 1691 820 exules
1718 772 1869 821 servi·
1907 784 1929 822 5

100 860 194 910 que
228 846 287 895 ad
321 845 418 895 duo
448 845 579 894 milia
612 845 870 894 hominum
901 852 949 893 et
983 843 1231 909 quingenti
1267 843 1389 892 duce
1424 842 1582 907 Appio
1619 843 1866 891 Herdonio

40 954 46 959 .
99 915 283 966 Sabino
318 922 464 966 nocte
491 915 777 981 Capitolium
814 923 955 979 atque
982 931 1140 965 arcem
1171 930 1480 978 occupavere.
1532 914 1791 962 confestim
1817 914 1867 962 in
1905 926 1929 966 6

98 1002 208 1037 arce
246 986 370 1036 facta
412 988 585 1036 caedes
625 1002 820 1043 eorum,
856 988 937 1051 qui
978 987 1232 1036 coniurare
1265 993 1314 1034 et
1347 985 1490 1033 simul
1529 1000 1699 1048 capere
1734 1001 1868 1034 arma

97 1058 372 1108 noluerant.
431 1059 506 1107 alii
542 1058 667 1107 inter
699 1058 959 1107 tumultum
988 1057 1279 1122 praecipites
1308 1072 1487 1120 pavore
1515 1056 1562 1103 in
1589 1056 1751 1104 forum
1781 1056 1868 1104 de-

95 1129 275 1187 volant,
297 1129 505 1179 alternae
532 1144 676 1178 voces
706 1129 799 1187 „ad
826 1135 989 1177 arma“
1019 1136 1067 1177 et
1091 1129 1292 1186 „hostes
1313 1128 1362 1175 in
1384 1127 1505 1175 urbe
1526 1134 1675 1175 sunt“
1698 1126 1866 1175 audie—

94 1199 288 1249 bantur.
354 1200 580 1248 consules
615 1206 663 1247 et
696 1214 885 1248 armare
919 1199 1111 1263 plebem
1150 1206 1196 1246 et
1221 1198 1457 1246 inermem
1487 1197 1586 1261 pati
1613 1197 1864 1246 timebant.

95 1269 288 1328 incerti,
327 1270 459 1334 quod
497 1269 676 1318 malum
715 1270 1050 1333 repentinum,
1087 1275 1341 1318 externum
1376 1282 1436 1316 an
1471 1267 1779 1325 intestinum,
1809 1269 1867 1317 ab

96 1340 210 1390 odio
243 1340 395 1405 plebis
437 1356 498 1390 an
525 1341 583 1390 ab
611 1341 769 1389 servili
797 1341 989 1400 fraude,
1022 1340 1194 1389 urbem
1221 1339 1496 1397 invasisset,
1525 1338 1759 1387 sedabant
1785 1345 1867 1388 tu-

95 1411 298 1472 multuS,
333 1411 547 1461 sedando
582 1412 826 1461 interdum
861 1411 1144 1461 movebant:
1182 1426 1271 1460 nec
1306 1410 1435 1459 enim
1465 1417 1657 1474 poterat
1690 1410 1864 1474 pavida

96 1489 145 1532 et
175 1489 484 1532 consternata
518 1482 779 1532 multitudo
816 1483 916 1546 regi
948 1483 1171 1548 imperio.
1236 1482 1352 1530 dant
1384 1489 1546 1543 tamen
1574 1497 1728 1540 arma,
1763 1496 1864 1530 non

94 1553 260 1618 vulgo,
285 1561 477 1603 tantum
503 1561 557 1603 ut
582 1555 766 1603 incerto
795 1555 939 1604 hoste
966 1554 1263 1619 praesidium
1292 1553 1410 1601 satis
1437 1552 1588 1601 fidum
1618 1552 1676 1601 ad
1699 1553 1865 1602 omnia

92 1682 319 1727 coniurat„
344 1679 463 1719 Dion.
483 1692 518 1719 c.
543 1679 583 1718 9.
608 1681 817 1719 herichtet
833 1693 932 1719 nus-

92 1734 271 1776 fiihrlich
308 1736 412 1776 iiber
448 1736 656 1775 dieselhe:
700 1748 790 1776 man
828 1736 931 1776 habe

91 1793 303 1844 geghmM,
337 1792 421 1833 alle
450 1792 668 1841 Patricier,
706 1794 808 1832 oder
843 1805 932 1832 we-

92 1850 283 1901 nigsteus
317 1849 386 1889 die
420 1851 610 1890 iuniores
646 1845 821 1890 stiinden
858 1850 934 1889 mit

93 1905 225 1947 Caeso
262 1908 303 1946 in
335 1905 620 1957 Verbindung.
669 1907 745 1947 Als
775 1906 932 1946 Zweck

89 1964 196 2003 wir-d
231 1963 286 2003 im
310 1961 429 2014 Folg.
458 1963 696 2013 angegehen
729 1964 793 2002 die
824 1963 933 2002 Her-

89 2019 276 2071 stellung
314 2019 390 2059 der
429 2017 693 2071 Verfassung
732 2032 811 2059 vor
857 2021 933 2059 der

88 2076 349 2127 Einsetzung
370 2077 443 2116 des
466 2075 733 2116 Tribunates.
756 2077 932 2130 —sor-

86 2146 171 2185 ma,
192 2131 468 2183 Verfassung.

140 2189 241 2230 4-5.
263 2189 319 2230 Ee
335 2191 449 2230 steht
467 2190 579 2229 nicht
595 2190 669 2229 mit
684 2203 763 2242 que
780 2191 931 2245 inpro-

79 2249 263 2302 piueque
283 2247 323 2286 in
348 2246 598 2298 Beziehung,
630 2259 664 2286 s.
688 2246 726 2296 2,
753 2247 792 2297 4,
816 2248 863 2295 5,
888 2247 928 2298 4,

82 2303 134 2355 2,
166 2303 214 2354 3,
243 2304 422 2344 sondern
452 2301 543 2355 stigt
570 2316 650 2342 nur
677 2303 754 2342 den
793 2316 926 2343 neuen

83 2358 354 2412 Gegenstand
376 2372 443 2410 an,
465 2373 499 2400 s.
523 2360 590 2410 21,
609 2360 675 2412 26,
698 2359 736 2399 3.
759 2383 815 2390 —-
835 2364 927 2401 sta-

83 2420 176 2458 tum
216 2441 245 2446 -
285 2417 487 2458 sollemne
526 2430 606 2457 von
650 2417 926 2469 regelmiissig

81 2474 484 2514 wiederkehreoden
524 2474 753 2525 religiosen
779 2474 928 2515 Feier-

82 2530 309 2571 lichkeiten
334 2532 544 2572 entlehnt:
575 2544 653 2570 zur
675 2532 807 2571 Sache
830 2544 862 2572 s.
888 2545 924 2572 c.

87 2587 150 2638 10,
170 2587 218 2635 8,
241 2588 281 2635 4,
299 2588 366 2639 45,
386 2588 431 2627 4:
449 2590 757 2629 anniversariis
772 2592 923 2629 armis.

82 2666 139 2673 -—
159 2643 323 2692 exules,
346 2645 690 2684 wahrscheinlich
712 2646 855 2685 hatten
883 2647 923 2685 in

82 2701 160 2740 den
203 2701 524 2752 Streitigkeiten
566 2703 682 2741 mehr
717 2701 925 2742 Patricier

81 2757 211 2798 sowol
248 2758 313 2798 als
344 2758 539 2809 Plehejer
574 2759 639 2798 die
670 2758 792 2798 Stadt
826 2772 925 2799 ver—

80 2813 221 2854 lassen
263 2815 456 2864 miissen,
490 2815 554 2855 als
594 2813 639 2855 L.
680 2816 922 2866 angegeben

80 2871 166 2923 hat,
183 2872 270 2922 vgl.
288 2872 324 2923 2,
345 2871 412 2922 20,
430 2872 477 2911 7:
499 2872 552 2912 ih.
566 2872 691 2923 40,4;
718 2872 922 2914 ὓίοΟοεε.

79 2925 159 2979 frg.
179 2927 246 2978 22,
269 2927 513 2980 Schwegler
533 2928 572 2975 2,
603 2928 700 2968 378.
718 2951 773 2958 —
788 2929 848 2969 ad
867 2931 924 2970 ist

79 2985 283 3035 Advorb.;
305 2985 342 3039 8,
368 2985 433 3034 18,
457 2985 501 3025 8:
528 2985 679 3026 delatis
702 2986 759 3026 ad
773 2989 928 3039 viginti

79 3044 313 3090 matroni33
332 3043 374 3093 4,
392 3043 461 3094 59,
480 3043 819 3094 7310,17‚8.-
836 3043 920 3084 duo

79 3111 160 3148 ηις
179 3100 280 3139 nach
302 3099 418 3139 Dion.
436 3112 576 3139 waren
596 3112 641 3139 es
659 3100 770 3139 4000
782 3100 921 3140 Clien-

81 3159 151 3195 ten
171 3156 253 3196 und
277 3156 459 3197 Sklaveu
485 3157 559 3196 des
582 3158 738 3210 Appius
762 3157 923 3197 Herdo-

81 3210 189 3263 nius,
218 3212 304 3264 vgl.
333 3212 373 3265 2,
406 3213 470 3254 16.
498 3236 556 3243 -
585 3213 762 3269 Capitol.
794 3228 832 3254 α.
862 3227 919 3267 a.,

81 3280 116 3309 s.
138 3267 174 3322 1,
193 3266 262 3319 33,
284 3268 334 3320 23
365 3271 469 3311 nach
490 3270 613 3312 Dion.
638 3272 812 3312 nehmen
842 3272 917 3325 sie,

1023 1679 1098 1720 auf
1111 1679 1324 1719 derTiber
1341 1678 1726 1729 herabgekommen,
1739 1679 1867 1719 durch

1024 1738 1089 1777 ein
1121 1735 1278 1775 offenes
1301 1734 1428 1785 Thor,
1455 1748 1488 1775 s,
1522 1735 1680 1775 Becker
1709 1736 1745 1785 1,
1768 1736 1865 1787 487,

1024 1793 1314 1843 eindringend,
1346 1798 1436 1832 erst
1458 1793 1530 1832 das
1552 1792 1728 1845 Capitol,
1760 1806 1794 1832 ε.
1826 1794 1865 1845 5,

1023 1851 1090 1903 46,
1108 1851 1144 1901 9,
1169 1850 1275 1889 daun
1299 1849 1363 1889 die
1386 1861 1477 1888 arx.

1082 1906 1179 1946 6-7.
1220 1919 1391 1956 eorum,
1423 1907 1489 1945 die
1520 1906 1614 1945 dort
1645 1905 1865 1946 Wohnen-

1025 1965 1118 2013 den,
1137 1976 1171 2003 s.
1203 1964 1243 2014 5,
1272 1964 1338 2014 50,
1367 1963 1407 2002 4.
1431 1984 1486 1991 --
1507 1962 1566 2002 ad
1583 1975 1720 2014 arma,
1758 1975 1792 2002 s.
1825 1964 1864 2014 9,

1023 2021 1092 2072 24,
1116 2020 1154 2059 9.
1176 2041 1232 2048 —
1262 2021 1480 2070 timebant,
1510 2032 1544 2059 s.
1574 2019 1610 2071 2,
1644 2020 1707 2073 12,
1739 2020 1782 2058 7:
1814 2023 1865 2060 te·-

1022 2091 1142 2117 mens
1162 2078 1387 2118 sciscitari.
1410 2098 1468 2106 —-
1487 2078 1539 2116 ab
1573 2076 1676 2128 odio,
1711 2089 1864 2116 veran-

1022 2134 1129 2173 lasst
1164 2134 1306 2182 durch,
1342 2134 1380 2172 in
1412 2132 1545 2184 Folge
1574 2147 1668 2185 von,
1707 2134 1785 2173 wie
1815 2133 1861 2173 L.

1023 2189 1083 2230 oft
1139 2190 1204 2230 bei
1262 2189 1753 2241 Gemiithsheweguugen
1812 2192 1864 2230 ab

1020 2248 1210 2287 braucht.
1233 2270 1280 2276 —
1309 2246 1509 2293 sedando,
1543 2249 1646 2286 auch
1680 2248 1752 2286 das
1777 2246 1863 2286 Ge-

1020 2305 1138 2344 rund.
1164 2305 1267 2343 wird
1291 2304 1507 2343 bisweilen
1533 2316 1611 2342 von
1635 2304 1725 2342 dem
1748 2303 1863 2342 blos-

1019 2374 1092 2401 sen
1117 2360 1289 2401 women
1312 2360 1551 2410 gebraucbt,
1575 2373 1609 2399 s.
1634 2374 1668 2399 c.
1694 2360 1762 2409 65,
1790 2360 1860 2401 11:

1018 2417 1086 2468 69,
1117 2418 1166 2458 4:
1199 2417 1267 2468 24,
1299 2417 1366 2464 32,
1399 2418 1443 2456 5:
1476 2416 1760 2457 deterrendo:
1793 2416 1860 2464 30,

1020 2474 1085 2524 13,
1123 2474 1170 2522 2;
1209 2474 1292 2525 vgl.
1331 2473 1431 2513 Tac.
1467 2474 1514 2514 Η.
1558 2474 1593 2524 l,
1637 2474 1705 2512 17:
1750 2474 1862 2514 male

1015 2534 1245 2572 coercitam
1296 2532 1477 2585 samam
1542 2534 1859 2585 supprimentes

1014 2590 1252 2641 angeltean
1275 2587 1381 2629 iiber
1400 2587 1606 2628 sedabant
1625 2611 1654 2617 —
1670 2587 1858 2628 sedando

1044 2646 1145 2686 raes.
1172 2647 1210 2685 7.

1015 2659 1038 2700 p
1072 2702 1111 2743 8.
1144 2716 1269 2743 arma
1290 2709 1387 2751 etc„
1420 2707 1541 2742 sonst
1573 2701 1740 2742 miissen
1771 2702 1857 2742 sich

1013 2773 1079 2799 um
1103 2760 1218 2800 diese
1242 2759 1337 2799 Zeit
1358 2760 1422 2799 die
1445 2760 1606 2809 Biirger
1627 2759 1761 2798 selhst
1784 2758 1860 2799 he-

1014 2817 1205 2863 wafl'nen,
1229 2829 1263 2856 s.
1291 2817 1326 2866 l,
1348 2816 1424 2858 43:
1448 2817 1516 2864 42,
1540 2815 1607 2865 52,
1634 2816 1704 2855 11;
1733 2828 1858 2855 arma

1013 2873 1108 2914 illos
1137 2873 1412 2924 (Romanos)
1438 2875 1594 2914 habere
1628 2886 1735 2926 quae
1776 2874 1860 2913 se'bi

1013 2933 1189 2984 qetaekque
1221 2933 1452 2985 parat-erit.
1505 2930 1657 2983 Spiiter
1692 2929 1770 2979 gab
1810 2943 1855 2969 es

1013 2988 1251 3027 o‘ffentliche
1287 2987 1573 3038 Zeugh'a'user,
1610 2999 1686 3025 aus
1723 2987 1855 3025 denen

1011 3045 1077 3084 die
1090 3044 1254 3085 warren
1274 3045 1512 3096 abgegeben
1532 3044 1699 3082 werden
1720 3043 1854 3082 konn-

1011 3108 1096 3153 ten,
1119 3115 1153 3142 s.
1176 3101 1243 3149 22,
1267 3102 1334 3152 57,
1362 3102 1431 3150 11;
1458 3102 1497 3151 9,
1521 3101 1588 3149 29,
1612 3100 1659 3139 4:
1693 3099 1759 3146 26,
1784 3100 1851 3147 51,

1011 3157 1050 3198 8.
1070 3182 1123 3188 -—
1142 3158 1284 3212 vulgo,
1307 3172 1385 3198 nur
1401 3157 1719 3205 zuverliissigen
1740 3155 1850 3193 Leu-

1010 3222 1094 3267 ten,
1118 3228 1151 3255 s.
1178 3216 1214 3266 l,
1236 3214 1304 3265 43,
1327 3215 1366 3256 8.
1409 3215 1521 3255 Nach
1548 3214 1665 3252 Dion.
1690 3211 1852 3261 ergrei-

1009 3271 1078 3313 fen
1106 3272 1189 3313 alle
1218 3285 1300 3313 von
1331 3273 1466 3313 selbst
1495 3271 1559 3310 die
1594 3267 1773 3309 Waffen.
1797 3290 1853 3297 —
