2221 3537
695 228 853 270 LIBER
885 227 954 271 lv.
1016 228 1132 269 CAP.
1165 228 1233 269 33.
1265 229 1334 270 34.

127 253 160 278 ιι.
187 244 254 278 cu.
277 245 358 279 no.
1789 232 1892 282 209

124 365 313 426 tegi-ato
339 359 549 410 clamore
574 355 718 406 infert
741 356 900 405 acrius
928 355 1082 420 signa.
1132 370 1243 404 cum
1271 357 1393 406 duae
1421 358 1547 406 acies
1576 357 1670 407 duo
1700 358 1885 407 diversa

127 430 313 496 proelia
344 429 701 480 circumventos
729 426 964 476 Etruscos
1001 432 1048 475 et
1080 441 1105 475 a
1140 426 1301 474 fronte
1328 435 1373 475 et
1400 428 1458 476 ab
1486 436 1619 491 tergo
1649 435 1891 491 urgerent,

126 514 288 566 neque
318 499 368 549 in
401 504 558 548 castra
592 504 722 546 retro
753 512 912 561 neque
939 497 989 546 in
1017 503 1210 545 montes
1238 526 1306 531 —
1334 497 1444 544 inde
1471 515 1523 545 se
1551 514 1706 548 novus
1735 500 1890 548 hostis

126 570 367 622 obiecerat
389 596 458 605 —
484 570 574 618 iter
593 568 734 631 fugae
755 575 900 626 esset,
927 573 975 616 et
994 566 1206 631 equitem
1229 568 1413 631 passim
1436 568 1596 616 liberis
1618 569 1765 617 frenis
1788 571 1895 619 dis-

125 640 352 691 tulissent
395 639 532 704 equi,
570 639 837 688 Veientium
887 641 1094 687 maxima
1129 653 1242 701 pars
1281 637 1496 686 Tiberim
1533 641 1671 687 effusi
1710 648 1893 703 petunt,

123 710 430 761 Fidenatium
457 710 538 774 qui
566 716 834 773 supersunt
858 709 917 758 ad
944 708 1112 757 urbem
1135 708 1343 757 Fidenas
1372 708 1589 758 tendunt.
1634 710 1780 758 insert
1806 727 1864 773 pa

125 780 265 831 vidos
299 781 415 846 fuga
451 780 501 830 in
535 780 746 830 mediam
785 780 1006 839 caedem3
1046 779 1400 828 obtruncantur
1436 780 1485 828 in
1517 779 1660 843 ripis;
1695 780 1814 828 alios
1844 782 1892 828 in

125 866 299 917 aquam
336 851 603 916 conpulsos
637 851 848 915 gurgites
875 850 1061 908 ferunt;
1098 850 1239 898 etiam
1268 851 1454 915 peritos
1482 850 1629 898 nandi
1656 850 1891 898 lassitudo

126 929 175 972 et
198 922 394 972 vulnera
421 929 469 971 et
494 938 646 986 pavor
673 922 953 986 degravant3
988 921 1128 985 pauci
1157 937 1211 969 ex
1240 921 1404 969 multis
1431 928 1638 969 tranant.
1690 922 1890 969 alterum

123 1007 298 1057 agmen
322 993 477 1042 fertur
501 1008 586 1057 per
614 1000 767 1041 castra
796 993 843 1040 in
872 991 1056 1041 urbem.
1103 992 1268 1040 eadem
1296 999 1342 1040 et
1362 992 1612 1040 Romanos
1632 1000 1894 1056 sequentes

124 1064 338 1129 impetus
364 1064 505 1128 rapit,
533 1063 813 1122 Quinctium
842 1063 1051 1112 maxime
1078 1069 1124 1111 et
1150 1078 1260 1111 cum
1288 1079 1344 1111 eo
1375 1063 1633 1126 degressos
1662 1062 1810 1110 modo
1834 1063 1893 1111 de

123 1134 391 1193 montibus,
412 1134 800 1184 recentissimum
823 1134 882 1182 ad
904 1133 1117 1182 laborem
1142 1133 1359 1190 militem,
1387 1133 1495 1196 quia
1518 1134 1687 1181 ultimo
1705 1133 1892 1196 proelio

123 1205 395 1255 advenerat.
441 1206 475 1254 li
504 1212 763 1269 postquam
793 1204 926 1253 mixti
954 1204 1177 1252 hostibus
1206 1210 1399 1267 portam
1430 1205 1683 1260 intravere,
1711 1204 1759 1251 in
1782 1220 1892 1251 mu-

123 1289 207 1324 ros
233 1276 457 1336 evadunt,
487 1275 689 1338 suisque
716 1275 842 1338 capti
871 1274 1039 1338 oppidi
1067 1273 1259 1337 signum
1281 1290 1337 1321 ex
1361 1289 1503 1322 muro
1527 1274 1714 1322 tollunt.
1761 1274 1893 1336 quod

123 1344 208 1396 uhi
242 1345 448 1395 dictator
481 1344 738 1409 conspexit
768 1374 838 1379 --
873 1344 966 1392 iam
1006 1345 1136 1392 enim
1172 1350 1219 1392 et
1253 1344 1357 1407 ipse
1385 1343 1432 1391 in
1462 1344 1649 1392 deserta
1677 1344 1893 1392 hostium

124 1421 280 1466 castra
299 1422 634 1482 penetraverat
658 1444 742 1474 —‚
772 1415 1046 1479 cupientem
1070 1414 1269 1463 militem
1293 1414 1565 1463 discurrere
1587 1415 1642 1462 ad
1666 1415 1894 1478 praedam

125 1501 214 1551 spe
237 1486 410 1536 iniecta
437 1486 636 1536 maioris
657 1487 706 1535 in
728 1486 847 1535 urbe
869 1485 1074 1549 praedae
1095 1485 1152 1534 ad
1178 1492 1370 1549 portam
1393 1485 1544 1546 ducit,
1570 1493 1896 1549 receptusque

125 1557 250 1607 intra
272 1573 442 1607 muros
470 1557 520 1606 in
540 1572 718 1614 arcem,
745 1572 841 1620 quo
865 1571 1006 1605 ruere
1027 1555 1314 1618 fugientium
1336 1555 1525 1605 turbam
1550 1555 1753 1614 videbat,
1780 1572 1892 1620 per-

125 1628 207 1692 git.
259 1643 348 1677 nec
384 1629 548 1677 minor
585 1628 754 1677 caedes
790 1627 837 1676 in
863 1627 983 1676 urbe
1010 1643 1153 1691 quam
1183 1627 1231 1675 in
1259 1626 1446 1690 proelio
1474 1626 1585 1684 fuit,
1624 1627 1782 1675 donec
1807 1626 1890 1675 ab-

122 1698 258 1749 iectis
286 1699 434 1748 armis
461 1698 579 1747 nihil
606 1705 795 1762 praeter
820 1698 964 1747 vitam
993 1703 1212 1761 petentes
1235 1698 1455 1746 dictatori
1483 1697 1741 1746 deduntur.
1776 1698 1893 1746 urbs

125 1775 278 1818 castra
326 1769 634 1834 diripiuntur.
695 1775 895 1832 postero
932 1768 1028 1827 die,
1077 1768 1282 1832 singulis
1321 1768 1519 1831 captivis
1557 1767 1614 1816 ab
1651 1768 1808 1832 equite
1841 1784 1894 1817 ac

125 1840 410 1889 centurione
447 1846 580 1889 sorte
614 1839 772 1888 ductis
801 1846 870 1896 et,
909 1854 1118 1903 quorum
1154 1838 1328 1887 eximia
1356 1839 1507 1887 virtus
1534 1838 1714 1897 fuerat,
1753 1839 1895 1896 binis,

124 1910 227 1960 aliis
268 1910 358 1960 sub
396 1925 576 1960 corona
609 1911 924 1968 venundatiS,
960 1910 1220 1959 exercitum
1249 1909 1480 1959 victorem
1510 1910 1894 1974 opulentumque

124 2079 337 2132 —1'nsert
363 2093 419 2132 s.‚
454 2080 519 2120 die
552 2078 618 2118 bei
655 2079 746 2119 dem
777 2078 962 2130 Angriffe

125 2142 459 2187 vorangetragen
482 2137 666 2176 werden.

186 2193 236 2231 10
252 2216 280 2221 -
298 2193 361 2232 12.
403 2206 535 2245 neque
555 2195 597 2232 in
620 2205 678 2241 c.,
714 2192 810 2231 weil
834 2191 966 2243 Quin-

126 2249 234 2289 ctius
265 2262 346 2289 von
377 2250 452 2289 der
473 2250 587 2289 Seite
619 2248 860 2297 kommend,
898 2249 962 2287 die

124 2305 284 2346 Feinde
306 2319 386 2346 von
410 2307 500 2346 dem
520 2305 669 2356 Lager,
694 2306 766 2345 das
790 2318 867 2344 vor
888 2305 963 2344 der

125 2362 248 2403 stadt
297 2375 410 2413 war,
461 2362 739 2402 abschneiden
791 2367 963 2401 mnsste.

128 2418 267 2459 Wenn
296 2432 342 2460 es
372 2420 424 2459 im
455 2419 572 2470 Folg.
604 2420 756 2458 heisst:
792 2431 870 2473 per
892 2431 965 2459 ca-

126 2478 222 2516 stra
255 2477 302 2516 in
336 2478 452 2528 urb„
489 2489 536 2516 so
575 2476 630 2516 ist
665 2476 965 2525 anwnehmeu,

126 2532 224 2572 dass
247 2533 308 2573 sie
331 2533 417 2572 sich
433 2564 444 2581 ,
473 2533 669 2572 wiihrend
700 2533 775 2572 der
796 2534 965 2582 griisste

126 2587 247 2628 Theil
283 2589 357 2629 des
388 2591 493 2628 riim.
522 2588 680 2629 lleeres
715 2601 778 2628 am
812 2588 963 2629 Flusse

127 2641 301 2697 kiimpft,
319 2645 725 2695 durchschlagen.—
741 2645 884 2686 liberis
888 2647 930 2699 s
928 2658 962 2685 r.

127 2718 154 2734 =
175 2713 271 2741 cum
291 2701 413 2742 liberi
432 2702 725 2754 esseutsreni.
769 2702 843 2741 Die
865 2702 966 2742 Fol-

128 2769 179 2808 ge
197 2758 274 2808 ist,
290 2758 387 2798 dass
406 2759 467 2797 sie
491 2758 575 2797 sich
594 2764 839 2798 zerstreuen
859 2758 967 2809 <dis-

129 2813 354 2865 tulis-rent)
406 2815 487 2853 und
537 2814 615 2854 den
656 2813 841 2854 Feinden
892 2816 967 2855 mit

130 2871 367 2911 Ausnahme
408 2872 526 2910 einer
557 2870 673 2910 Seite
714 2871 780 2910 die
817 2870 968 2911 Flucht

130 2927 422 2968 ubschneiden.
441 2950 495 2957 ·—
518 2929 664 2979 effusi,
687 2927 863 2980 synesis,
887 2928 967 2967 wie

130 2985 169 3038 5,
191 2984 261 3034 40,
282 2984 322 3025 3.
343 3007 400 3014 -
420 2983 613 3024 Fidenat.
639 2986 728 3037 qui,
757 2984 797 3033 5,
820 2984 867 3022 41
886 3014 897 3034 ‚
917 2982 966 3031 23

130 3054 182 3081 zu
205 3039 281 3093 21,
301 3040 376 3090 26,
399 3041 436 3080 7.
460 3063 515 3070 -
537 3040 666 3090 allos,
698 3054 730 3079 s.
755 3039 802 3092 3,
829 3039 904 3089 37,
927 3040 964 3079 8.

132 3097 359 3150 —Jerunt
378 3116 405 3131 =
425 3099 648 3150 differunt.
672 3120 724 3125 ——
743 3095 907 3147 eadem,
932 3109 966 3136 c.

132 3151 200 3201 37,
222 3153 262 3204 9,
287 3167 340 3194 zu
367 3155 403 3203 1,
426 3154 493 3205 27,
521 3155 565 3193 5:
590 3167 639 3193 aa
660 3177 685 3181 —
707 3166 801 3206 qua.

187 3200 277 3251 34.
323 3209 432 3250 1-3.
468 3213 600 3251 mia-ti
619 3216 721 3262 etc.,
744 3209 823 3248 wie
847 3214 971 3249 uuter

131 3262 330 3307 Romulus
356 3266 391 3320 1,
416 3267 481 3320 14,
508 3267 572 3307 11.
590 3289 646 3296 ——
661 3268 703 3306 iu
726 3278 886 3318 muros,
909 3266 969 3306 sie

217 3334 292 3369 Tit.
309 3334 384 3371 Liv.
403 3335 449 3369 11.
473 3334 507 3371 3.
525 3334 620 3373 Auss.

1055 2079 1265 2130 ersteigen
1289 2079 1476 2118 dieselbe
1498 2092 1576 2118 von
1602 2080 1739 2129 innen,
1763 2080 1802 2129 5,
1827 2079 1894 2125 21,

1058 2135 1124 2175 12.
1145 2158 1201 2164 -
1222 2135 1457 2182 deduntur,
1496 2136 1623 2175 durch
1648 2137 1713 2175 die
1735 2136 1895 2176 Erebe-

1056 2193 1300 2288 ffelinssss‘l
1318 2193 1407 2288 {³³03
1429 2192 1897 2289 {extremes

1057 2305 1284 2359 (re'capii),
1317 2318 1349 2344 s.
1376 2306 1410 2356 5,
1445 2305 1521 2352 21,
1559 2305 1630 2352 1⁴3
1665 2306 1718 2344 ib.
1744 2305 1817 2356 22,
1851 2305 1894 2344 l:

1057 2363 1134 2401 den
1161 2361 1499 2402 Unbewaffneten
1525 2362 1628 2401 wird
1648 2362 1799 2412 jedoch
1822 2375 1896 2412 ge—

1058 2424 1208 2458 stattet
1230 2418 1318 2457 sich
1351 2431 1402 2456 zu
1426 2418 1630 2468 ergeben,
1660 2420 1740 2457 und
1765 2432 1811 2458 so
1835 2419 1896 2458 ih-

1059 2488 1137 2514 nen
1158 2476 1231 2515 das
1245 2474 1383 2514 Leben
1401 2474 1644 2525 geschenkt‚
1664 2475 1749 2526 vgl.
1769 2474 1805 2527 2,
1833 2475 1897 2520 l's',

1059 2531 1109 2574 ὓς
1133 2545 1185 2571 zu
1208 2531 1283 2580 26,
1306 2530 1547 2579 46,10;7,
1572 2532 1639 2578 27,
1663 2531 1708 2579 83
1737 2532 1804 2579 30,
1834 2531 1896 2576 12,

1062 2588 1125 2628 12.
1146 2611 1202 2617 -
1223 2590 1326 2628 urbs
1349 2592 1507 2635 castra,
1531 2588 1598 2635 21,
1623 2587 1691 2638 28,
1715 2588 1754 2627 2.

1114 2645 1154 2685 4.
1195 2646 1247 2685 ab
1266 2647 1402 2698 equite
1423 2658 1460 2684 α.
1494 2658 1527 2684 c.
1543 2675 1553 2691 ,
1579 2645 1698 2684 beide
1722 2644 1896 2685 Classen

1057 2702 1225 2741 werden
1268 2702 1499 2752 gleicbgest
1531 2701 1599 2750 llt,
1642 2714 1675 2741 s.
1716 2701 1787 2751 10,
1830 2702 1897 2744 46,

1058 2758 1295 2854 ερξέῑξνῖἓεῑ
1313 2715 1695 2854 ΒἏαεὸἕειὲἒίΙωίὧε
1705 2758 1898 2853 dandene,

1059 2829 1094 2855 s.
1175 2846 1185 2864 ‚
1276 2828 1287 2863 ς
1372 2848 1381 2863 ,
1434 2819 1443 2830 ⁴
1463 2846 1471 2854 .
1523 2814 1635 2853 ‘owo
1734 2816 1769 2853 ie
1832 2827 1899 2853 er-

1059 2871 1248 2922 theilung
1269 2872 1344 2911 der
1366 2869 1656 2921 Gefungenen,
1689 2871 1756 2909 die
1779 2876 1899 2909 sonst

1059 2928 1142 2968 alle
1172 2926 1240 2968 fiir
1269 2929 1345 2968 den
1377 2928 1666 2968 Staatsschatz
1703 2924 1899 2966 ver-knust

1060 2985 1248 3035 werden,
1281 2985 1329 3033 6,
1364 2984 1440 3034 133
1474 2985 1510 3031 ἵ,
1543 2984 1593 3022 27
1625 2996 1662 3021 u.
1688 2996 1722 3022 s.
1745 2995 1812 3031 vua,
1834 2982 1898 3022 als

1060 3042 1134 3081 das
1166 3041 1399 3081 Verloosen
1440 3039 1659 3080 derselben
1702 3040 1758 3079 ist
1791 3052 1898 3090 ganz

1060 3098 1389 3148 ungewiihnlich.
1425 3119 1479 3126 —
1517 3098 1594 3136 snb
1635 3109 1813 3145 corona,
1862 3108 1895 3134 s.

1062 3153 1171 3194 Gen.
1195 3155 1219 3193 6
1244 3155 1319 3204 (7),
1342 3155 1366 3193 4
1381 3185 1390 3203 ‚
1414 3153 1460 3191 3:
1481 3155 1717 3206 atete'qm‘tus
1739 3155 1899 3192 manci·

1059 3212 1132 3266 pia
1161 3213 1254 3251 iure
1282 3210 1379 3250 belle·
1404 3213 1527 3264 capta
1556 3211 1726 3249 coronis
1753 3208 1903 3250 induta

1061 3269 1271 3317 venibant,
1295 3269 1336 3306 et
1356 3265 1512 3306 idcirco
1538 3265 1786 3307 dicebantur
1808 3268 1901 3307 ‘sub

1515 3336 1567 3378 14

1935 367 1984 409 10

1935 721 1977 760 11

1936 1003 1982 1042 12
