2221 3537
118 311 153 337 ι.
180 301 250 337 oh.
274 299 356 335 ⁴05.

734 284 894 327 Lmen
915 283 984 327 m.
1030 283 1149 325 cAe.
1172 282 1212 324 2.
1245 283 1284 322 3.
1859 292 1892 338 5

120 424 307 469 curant.
350 415 432 466 ubi
458 415 632 465 inluxit
657 420 858 478 postero
885 413 979 473 die,
1007 413 1144 478 prior
1169 412 1415 478 aliquanto
1438 386 1655 464 constitit
1676 416 1895 467 Romana

119 488 273 548 acient,
319 487 516 537 tandem
567 493 614 535 et
655 485 806 549 Aequi
858 499 1163 549 processere.

85 582 90 585 ·
119 560 408 615 vehemens,
445 557 577 621 quod
612 562 659 605 et
684 556 938 605 Romanus
975 556 1042 604 ira
1078 555 1290 619 odioque
1327 555 1592 619 pugnabat,
1628 565 1671 605 et
1702 560 1895 622 Aequos

119 627 416 680 conscientia
436 626 671 677 contracti
694 627 831 690 culpa
854 626 1052 690 periculi
1074 633 1121 675 et
1140 626 1416 690 desperatio
1439 627 1627 675 futurae
1650 628 1739 675 sibi
1758 637 1897 691 post-

117 714 174 750 ea
196 698 307 749 fidei
334 698 503 748 ultima
530 699 709 747 audere
734 704 782 746 et
805 697 1012 761 experiri
1041 697 1256 761 cogebat.
1302 712 1403 745 non
1429 704 1591 746 tamen
1622 699 1898 747 sustinuere
1940 708 1988 748 12

117 770 268 820 aciem
296 770 568 820 Romanam
597 768 772 833 Aequi3
807 769 1036 832 pulsique
1073 784 1182 816 cum
1222 769 1268 816 in
1305 770 1425 816 lines
1453 784 1572 817 suos
1602 784 1655 816 se
1682 770 1895 834 recepis-

120 847 255 901 sent,
290 840 440 890 nihilo
468 839 853 890 inclinatioribus
881 840 940 888 ad
969 853 1137 903 pacem
1165 839 1338 887 animis
1367 839 1501 888 ferox
1533 839 1791 889 multitudo
1820 841 1897 889 in-

118 926 317 977 crepare
354 911 525 969 duceS,
559 910 690 976 quod
718 910 765 959 in
794 910 971 969 aciem,
1008 926 1100 974 qua
1129 910 1375 974 pugnandi
1403 919 1502 959 arte
1532 911 1782 959 Romanus
1811 928 1898 959 ex-

117 982 270 1038 cellat,
291 983 557 1032 commissa
580 997 655 1032 res
678 982 764 1031 sit:
786 983 980 1046 Aequos
1005 982 1407 1046 populationibus
1432 982 1893 1047 incursionibusque
1935 989 1984 1031 13

117 1052 346 1103 meliores
381 1069 512 1111 esse,
551 1060 597 1102 et
632 1054 808 1102 multas
844 1053 1027 1117 passim
1067 1068 1242 1101 manus
1279 1069 1422 1117 quam
1461 1068 1685 1114 magnam
1714 1053 1895 1102 molem

118 1125 266 1174 unius
291 1125 529 1173 exercitus
557 1125 735 1173 rectius
763 1123 881 1172 bella
909 1140 1088 1187 gerere.

264 1195 443 1244 Relicto
479 1196 638 1259 itaque
672 1195 845 1244 castris
879 1195 1123 1258 praesidio
1162 1198 1346 1257 egressi
1384 1202 1518 1242 tanto
1549 1210 1657 1243 cum
1685 1195 1896 1244 tumultu
1934 1198 1966 1247 3

117 1266 340 1315 invasere
366 1267 488 1313 fines
516 1266 793 1323 RomanOS,
829 1271 883 1313 ut
909 1265 967 1313 ad
995 1265 1162 1314 urbem
1193 1280 1387 1328 quoque
1416 1273 1652 1313 terrorem
1681 1265 1895 1328 pertule-

116 1335 232 1386 rint.
290 1336 577 1400 necopinata
612 1336 755 1385 etiam
795 1350 871 1383 res
908 1336 1016 1400 plus
1052 1335 1392 1399 trepidationis
1429 1336 1565 1386 fecit.
1609 1337 1737 1399 quod
1775 1335 1894 1384 nihil
1934 1344 1959 1384 2

116 1406 299 1466 minus
328 1422 470 1471 quam
493 1421 554 1454 ne
575 1406 730 1455 victus
752 1422 805 1455 ac
829 1422 986 1471 prope
1006 1407 1053 1455 in
1077 1406 1248 1456 castris
1273 1406 1505 1455 obsessus
1527 1407 1685 1455 hostis
1708 1422 1901 1455 memor

116 1477 452 1544 populationis
481 1484 636 1535 esset,
675 1477 834 1526 timeri
861 1484 1075 1541 poterat,
1102 1484 1414 1541 agrestesque
1442 1478 1601 1541 pavidi
1630 1477 1897 1526 incidentes
1936 1484 1960 1524 3

118 1548 278 1614 portis
322 1564 423 1598 non
469 1549 837 1613 populationem
883 1562 974 1597 nec
1017 1550 1321 1613 praedonum
1363 1564 1534 1612 parvas
1572 1564 1770 1609 manus,
1814 1549 1900 1597 sed

105 1618 283 1669 'omnia
311 1634 434 1668 vano
462 1627 690 1683 augentes
714 1620 890 1669 timore
917 1621 1154 1669 exercitus
1182 1628 1225 1668 et
1252 1620 1466 1682 legiones
1488 1620 1659 1668 adesse
1681 1619 1899 1668 hostium

119 1696 167 1741 et
198 1690 376 1740 infesto
414 1691 606 1755 agmine
639 1706 780 1740 ruere
815 1691 872 1739 ad
908 1691 1078 1741 urbem
1115 1691 1401 1740 clamabant.
1464 1690 1521 1739 ab
1557 1691 1632 1739 his
1673 1690 1899 1756 proxumi
1937 1701 1963 1741 4

118 1872 287 1911 curare,
310 1860 412 1899 doch
435 1861 537 1900 auch
561 1859 629 1911 34,
656 1859 719 1908 16,
737 1860 783 1899 5:
803 1861 900 1899 vino
923 1863 966 1900 et

119 1917 208 1958 c'ibo
237 1920 430 1966 curatos,
463 1917 508 1963 9,
533 1916 602 1968 37,
625 1918 672 1956 7:
704 1919 846 1958 curati
871 1918 962 1957 cibo

119 1986 303 2029 corpora
323 1976 456 2027 quieti
473 1973 610 2014 daret.

179 2030 346 2070 11-13.
387 2029 534 2084 culpa,
564 2043 597 2069 s.
623 2042 657 2068 c.
684 2029 724 2081 1,
747 2030 786 2069 8.
811 2053 861 2058 —
883 2029 961 2070 de-

117 2089 306 2141 eperat-to
322 2110 350 2116 -
365 2087 515 2127 ultc'ma
532 2087 644 2126 steht
660 2087 771 2125 nicht
787 2087 839 2126 im
859 2086 963 2126 Ein-

118 2142 247 2194 klang
263 2144 337 2183 mit
351 2144 427 2183 der
443 2144 494 2183 im
513 2143 633 2194 Folg.
652 2144 960 2193 geschilderten

117 2199 260 2240 Macht
289 2202 364 2240 der
394 2202 563 2252 Aequer
592 2201 672 2239 und
702 2201 778 2239 der
807 2199 963 2240 Gel'ahr

116 2256 195 2296 der
215 2256 380 2297 Ro‘mer.
403 2279 460 2286 —-
482 2259 574 2307 sibi,
598 2257 695 2296 weil
718 2257 961 2312 desperatio

117 2313 238 2354 einen
260 2313 384 2354 Satz:
417 2314 529 2366 quod
557 2314 842 2368 desperabant
864 2327 960 2353 ver-

115 2370 225 2411 tritt.
248 2392 304 2400 —
325 2370 599 2423 inclinatior„
630 2384 662 2410 S.
689 2372 726 2419 2,
751 2370 819 2420 22,
845 2371 882 2409 7.
906 2393 962 2400 —

115 2427 356 2480 mullitudo,
378 2428 443 2467 die
463 2428 678 2467 Soldaten.
696 2451 748 2456 —
765 2429 809 2467 in
827 2430 962 2468 aciem

116 2484 269 2525 ander-s
298 2485 360 2525 als
383 2484 539 2524 vorher
558 2487 706 2525 aciem.
751 2498 834 2538 qua
856 2486 960 2524 wird

115 2541 294 2582 leichter
321 2539 396 2581 auf
419 2544 508 2583 acie
529 2542 738 2593 bezogen‚
769 2542 959 2592 obgleieh

116 2610 209 2638 man
229 2600 273 2639 in
295 2604 504 2638 erwarten
529 2599 675 2649 sollte,
707 2612 740 2638 s.
765 2599 805 2650 5,
828 2599 895 2647 41,
918 2599 959 2648 4,

117 2654 183 2694 als
223 2655 352 2695 durch
381 2656 638 2705 Attracuon,
676 2668 711 2697 8.
741 2669 777 2695 c.
810 2655 882 2705 10,
913 2655 958 2695 6:

117 2724 239 2765 quem
261 2712 462 2761 imbrem,
483 2711 556 2752 auf
574 2717 685 2752 arte:
713 2713 751 2751 in
775 2712 960 2752 welcher

117 2770 197 2809 Art
221 2781 274 2808 zu
296 2767 510 2822 Ιιίίιιιρΐεη,
540 2769 626 2820 vgl.
649 2768 715 2821 38,
737 2768 805 2818 21,
830 2769 868 2820 7,
891 2770 958 2810 die

114 2838 266 2881 pugna
285 2828 471 2866 stataria
491 2828 531 2874 9,
560 2826 621 2874 19,
642 2826 679 2865 8.
701 2847 758 2855 -—
777 2826 958 2881 popula-

118 2885 219 2924 τίθη.
242 2885 423 2927 incute..
448 2882 794 2922 wahrscheinlich
817 2895 958 2923 waren

115 2939 228 2980 viele
251 2939 642 2990 Unternehmungen
674 2939 714 2978 in
739 2940 815 2978 den
839 2939 960 2992 tiqui-

117 2997 243 3038 achen
263 2997 346 3036 und
368 2997 633 3037 volskischen
660 2994 865 3047 Rriegen,
893 2997 959 3036 die

116 3053 182 3094 ala
254 3053 517 3094 bedentende
590 3053 805 3103 Feldziige
880 3052 963 3093 und

119 3109 369 3152 Schlachteu
444 3111 701 3162 geschildert
774 3110 961 3160 werden,

121 3166 256 3208 nichts
283 3167 347 3208 als
377 3167 518 3209 solche
550 3167 696 3208 Raub-
724 3167 806 3206 und
837 3166 963 3206 Pliin-

121 3223 421 3321 demngsziige,
445 3238 478 3265 s.
496 3238 531 3265 c.
556 3224 595 3275 6,
617 3225 664 3274 4;
690 3224 728 3273 7,
755 3224 800 3273 1,
824 3223 960 3275 25‚9:

215 3279 480 3334 1u.e.‚vgl.
503 3281 540 3334 2,
563 3280 630 3331 48,
652 3282 692 3321 5.

122 3278 232 3379 2θὶ
257 3336 318 3378 2-
329 3338 368 3379 3.
389 3351 535 3394 necop.
547 3341 690 3390 ettam,
706 3349 855 3378 ausser
870 3337 962 3378 dem

1055 1860 1314 1900 Erscheinen
1349 1861 1423 1899 der
1444 1860 1600 1900 Feinde
1627 1860 1761 1900 selbst
1781 1861 1901 1910 anch,

1055 1917 1288 1957 besonders
1319 1931 1356 1956 u.
1383 1931 1416 1956 s.
1442 1929 1519 1965 κ,-
1553 1917 1657 1956 iiber
1677 1919 1742 1957 die
1766 1918 1900 1957 Sache

1057 1987 1090 2014 S.
1113 1973 1301 2014 Niebuhr
1319 1974 1529 2024 Vortr'a'ge
1559 1976 1593 2025 1,
1613 1974 1690 2013 277
1706 1974 1734 2013 f.
1758 1997 1813 2004 —
1834 1977 1901 2014 m'-

1052 2031 1112 2071 ΙιιἸ
1130 2034 1274 2072 minus
1296 2046 1348 2084 q.,
1371 2032 1477 2071 alles
1495 2032 1662 2071 Anderc
1685 2031 1812 2079 mehr,
1836 2044 1901 2071 am

1053 2089 1414 2140 allerwenigsten,
1440 2089 1566 2127 tindet
1585 2089 1670 2127 sicli
1690 2086 1901 2127 mehrsach

1055 2146 1121 2185 bei
1144 2145 1204 2195 L.,
1229 2159 1261 2185 s.
1284 2159 1335 2184 zu
1360 2145 1397 2193 ὃ,
1424 2145 1486 2193 11,
1509 2147 1555 2184 9;
1581 2145 1647 2198 28,
1671 2145 1739 2193 22,
1763 2143 1835 2192 12;
1860 2145 1899 2194 5,

1054 2201 1101 2241 21
1120 2234 1129 2252 ,
1154 2202 1192 2241 6.
1223 2225 1277 2231 -
1299 2206 1521 2253 agrestes,
1553 2215 1585 2241 s.
1614 2202 1656 2251 1,
1680 2201 1758 2252 22,
1783 2199 1821 2240 3.
1844 2223 1900 2230 -

1053 2258 1207 2313 pat-idi,
1237 2259 1279 2308 1,
1305 2258 1380 2309 21,
1409 2259 1444 2297 1.
1474 2281 1530 2287 —
1559 2261 1777 2298 exercitus
1800 2271 1833 2297 e.
1857 2257 1900 2307 1.,

1054 2316 1354 2368 hendiadyoin,
1387 2315 1435 2353 da
1460 2316 1532 2354 das
1556 2315 1685 2354 Erste
1707 2327 1783 2354 aus
1805 2314 1899 2353 dem

1054 2371 1243 2412 Zweiten
1273 2372 1465 2419 besteht3
1496 2385 1530 2411 S.
1555 2385 1588 2411 c.
1618 2372 1651 2420 1,
1676 2372 1721 2414 2:
1754 2370 1822 2421 53,
1850 2370 1897 2417 13

1055 2429 1093 2480 6,
1118 2429 1157 2480 6,
1183 2429 1258 2476 1⁰3
1285 2429 1388 2467 iiber
1409 2429 1598 2479 legiones
1620 2441 1653 2468 s.
1679 2428 1717 2476 2,
1743 2427 1807 2479 26,
1830 2426 1868 2466 3.

1110 2542 1222 2582 4-5.
1263 2544 1314 2582 αὑ
1345 2543 1411 2580 lais
1434 2547 1513 2580 etc.
1538 2559 1563 2573 =
1586 2542 1637 2581 ab
1660 2541 1725 2580 leis
1747 2539 1900 2580 audita

1050 2600 1260 2655 promumi
1279 2600 1459 2649 —serre,
1483 2599 1532 2636 da
1556 2598 1681 2637 sehon
1702 2597 1789 2646 das,
1811 2610 1899 2636 was

1052 2657 1118 2696 die
1135 2656 1401 2706 Fliichtlinge
1419 2656 1495 2694 den
1510 2655 1676 2705 Ersten,
1694 2655 1759 2693 die
1777 2654 1899 2693 ihnen

1051 2712 1306 2753 aul'stiessen
1326 2712 1558 2758 erziihlten,
1578 2711 1791 2762 ungewiss
1810 2722 1900 2750 war

1053 2771 1177 2815 (ιάηο
1210 2773 1420 2821 augentes
1453 2771 1646 2817 timor-e),
1676 2781 1723 2808 so
1754 2768 1898 2807 wurde

1051 2839 1097 2866 es
1138 2827 1203 2866 bei
1242 2827 1333 2866 dem
1368 2825 1737 2865 W'eitererziihlen
1770 2824 1898 2864 durch

1051 2884 1117 2923 die
1164 2883 1284 2923 dabei
1326 2883 1590 2922 eintretende
1629 2881 1901 2932 Entstellung

1050 2940 1132 2979 und
1145 2940 1492 2990 Vergriisserung
1510 2940 1612 2978 noch
1631 2938 1899 2989 grundloser,

1052 3010 1087 3037 s.
1105 2996 1144 3046 9,
1165 2996 1231 3041 24,
1255 2997 1325 3036 10:
1347 3000 1567 3051 acceptum
1589 2998 1640 3036 ab
1663 3008 1748 3035 uno
1769 3007 1900 3048 pavo-

1056 3066 1146 3094 rem
1173 3053 1318 3108 plures
1348 3067 1425 3108 per
1454 3054 1796 3105 urbernj'ermit3
1829 3051 1898 3098 29,

1056 3110 1102 3159 3,
1134 3110 1181 3149 9:
1219 3122 1294 3150 nec
1332 3113 1436 3163 quot
1472 3122 1601 3149 nat-es
1631 3108 1838 3149 vidissent
1870 3129 1898 3135 -

1055 3169 1163 3207 satzs
1195 3170 1329 3219 gnari
1359 3170 1502 3206 omm'a
1537 3180 1579 3206 m
1609 3179 1753 3205 viatus
1780 3166 1898 3202 metu

1051 3228 1238 3277 augente
1254 3226 1536 3278 ασιιΗςροεὺαηί
1558 3223 1623 3272 27,
1636 3223 1704 3270 51,
1716 3222 1760 3267 4;
1775 3219 1896 3259 Ovid.

1053 3280 1153 3322 Met.
1182 3281 1245 3329 12,
1269 3282 1344 3321 57:
1367 3282 1412 3319 hi
1430 3282 1610 3320 narrata
1614 3250 1779 3329 ser-urit
1800 3275 1898 3325 alno,

1052 3350 1339 3391 mensuraque
1357 3339 1458 3392 ficte
1476 3338 1648 3385 crescit,
1678 3336 1721 3374 et
1739 3305 1898 3374 auderi)

1233 484 1472 549 proelium
1519 486 1607 534 l‘uit
1652 488 1897 552 utrimque
1935 496 1981 537 11
