2221 3537
15 1419 28 1430 Α,
0 1370 16 1388 ἓ
0 958 25 1364 ἭἮΑΣᾏΨΣἯἜἾἝΞ
0 849 23 950 ἈἸΨΙζΞ
0 652 22 842 imm-5
0 570 23 646 W

0 2583 7 2592 -
0 2384 17 2569 :wa-:¹0¹
0 2319 16 2374 N«
0 2198 16 2306 Nus-:mut
8 2177 14 2187 -
0 2147 12 2164 ⁷·
0 2075 15 2115 1⁴⁸¹
0 2020 19 2058 'n-
0 1977 19 2008 'a

300 520 349 560 10

384 248 484 297 304
999 244 1159 286 LIBER
1189 244 1239 285 V.
1302 244 1415 285 CAP.
1440 244 1507 285 21.
1936 267 1970 290 2,
1995 266 2031 289 u,
2056 257 2132 290 358,

383 373 556 422 raculis
595 372 782 436 aptiora
816 386 959 436 quam
995 372 1053 421 ad
1089 372 1232 421 fidem
1267 387 1423 435 neque
1455 372 1710 421 adfirmare
1742 386 1898 436 neque
1922 371 2133 422 refellere

385 458 559 507 operae
585 442 793 506 pretium
820 448 909 490 est.

526 512 788 560 Cuniculus
824 511 1016 560 delectis
1052 511 1282 560 militibus
1309 526 1365 560 eo
1392 517 1614 576 tempore
1639 512 1812 576 plenus
1838 511 1888 560 in
1914 510 2031 560 aede
2054 511 2135 561 Iu-

385 582 553 644 noniS,
592 598 712 646 quae
746 583 794 631 in
821 582 1078 631 Veientana
1116 583 1379 640 arce‘erat,
1415 588 1628 631 armatos
1657 590 1853 646 repente
1878 581 2039 630 edidit.
2090 588 2137 631 et

383 668 496 717 pars
532 668 727 702 aversos
767 652 815 700 in
851 654 1001 701 muris
1029 653 1261 701 invadunt
1287 652 1477 710 hosteS,
1511 667 1622 716 pars
1651 652 1856 701 claustra
1882 658 2136 716 portarum

384 723 637 780 revellunt,
675 738 811 786 parS,
851 739 960 771 cum
995 739 1049 770 ex
1085 722 1222 770 tectis
1262 738 1374 771 saxa
1409 723 1690 786 tegulaeque
1724 738 1750 771 a
1775 721 2055 771 mulieribus
2082 738 2138 771 ac

299 801 346 842 11
386 794 592 842 servitiis
621 794 913 850 iacerentur,
944 793 1155 840 inferunt
1182 793 1333 856 ignes.
1385 793 1565 840 clamor
1592 792 1756 840 omnia
1783 791 1924 840 variis
1949 797 2137 840 terren-

383 865 503 913 tium
532 879 586 912 ac
611 863 884 926 paventium
915 862 1110 910 vocibus
1136 862 1285 910 mixto
1313 861 1567 910 mulierum
1590 876 1644 909 ac
1662 876 1926 924 puerorum
1947 861 2139 925 ploratu

298 941 348 981 12
387 934 610 997 complet.
665 938 913 981 momento
950 932 1186 995 temporis
1223 931 1417 980 deiectis
1453 947 1510 980 ex
1536 946 1676 980 muro
1703 932 1916 996 undique
1941 932 2138 980 armatis

385 1003 733 1068 patefactisque
778 1003 933 1066 portis
980 1018 1089 1050 cum
1135 1002 1213 1050 alii
1256 1001 1443 1065 agmine
1486 1001 1756 1059 inruerent,
1802 1002 1876 1051 alii
1921 1002 2138 1051 desertos

386 1074 673 1122 scanderent
698 1088 883 1131 muros,
909 1072 1025 1121 urbs
1052 1072 1274 1120 hostibus
1301 1072 1526 1135 inpletur,
1556 1071 1785 1121 omnibus
1811 1072 1928 1121 locis
1950 1087 2138 1136 pugna-

300 1149 349 1188 13
385 1149 479 1192 tur.
538 1143 710 1192 deinde
746 1143 893 1191 multa
928 1143 1022 1191 iam
1058 1142 1183 1191 edita
1217 1142 1358 1191 caede
1393 1142 1603 1191 senescit
1635 1158 1818 1206 pugna,
1853 1148 1898 1191 et
1935 1141 2138 1191 dictator

389 1228 652 1277 praecones
689 1213 872 1262 edicere
899 1213 1053 1271 iubet,
1092 1219 1142 1261 ut
1168 1212 1225 1261 ab
1255 1213 1429 1261 inermi
1455 1212 1765 1261 abstineatur.
1815 1212 1856 1262 is
1883 1212 1991 1261 finis
2019 1227 2138 1261 san-

301 1287 352 1328 14
389 1284 545 1348 guinis
571 1284 674 1332 fuit.
727 1284 832 1331 dedi
862 1284 971 1332 inde
997 1284 1206 1331 inermes
1237 1283 1417 1346 coepti,
1451 1288 1498 1331 et
1523 1283 1579 1331 ad
1608 1283 1836 1347 praedam
1863 1282 1998 1332 miles
2027 1298 2138 1348 per-

386 1355 542 1402 missu
569 1354 814 1402 dictatoris
843 1354 1085 1402 discurrit.
1131 1368 1250 1416 quae
1270 1368 1379 1402 cum
1402 1359 1511 1401 ante
1532 1354 1697 1402 oculos
1720 1354 1821 1402 eius
1843 1353 2138 1417 aliquantum

388 1440 473 1488 spe
500 1431 641 1487 atque
667 1424 898 1487 opinione
927 1424 1081 1472 maior
1108 1423 1402 1486 maiorisque
1429 1423 1570 1486 pretii
1589 1439 1751 1472 rerum
1772 1423 1992 1479 ferretur,
2021 1422 2139 1472 dici-

307 1500 356 1539 15
388 1501 467 1542 tur
503 1509 675 1542 manus
711 1494 766 1542 ad
808 1494 988 1542 caelum
1023 1493 1199 1541 tollens
1234 1499 1456 1556 precatus
1484 1509 1616 1551 esse,
1654 1500 1730 1551 ut,
1768 1493 1808 1542 si
1835 1493 1909 1542 cui
1935 1493 2139 1542 deorum

385 1564 735 1627 hominumque
763 1563 908 1612 nimia
935 1579 1022 1612 sua
1047 1563 1242 1611 fortuna
1270 1563 1532 1627 populique
1558 1563 1767 1612 Romani
1795 1563 2061 1622 videretur,
2087 1569 2141 1613 ut

386 1650 489 1683 eam
527 1634 749 1682 invidiam
787 1633 936 1682 lenire
973 1649 1115 1697 quam
1142 1633 1345 1681 minimo
1374 1649 1463 1681 suo
1491 1634 1675 1696 privato
1702 1633 2017 1683 incommodo
2045 1647 2139 1698 pu-

385 1881 440 1887 —
461 1858 516 1898 ad
535 1858 689 1911 fidem,
723 1869 789 1896 um
812 1857 1007 1908 geglaubt
1030 1870 1081 1895 zu
1111 1869 1216 1895 wer-

387 1916 478 1964 den,
501 1927 533 1954 s.
554 1912 683 1967 praef.
708 1914 754 1952 6:
779 1927 854 1952 zur
871 1914 1002 1955 sache
1027 1925 1059 1953 s.
1071 1912 1215 1966 Polyb.

390 1970 434 2021 3,
465 1970 538 2010 48:
563 1969 883 2025 ἐμπίπτουσα
905 1969 968 2014 εἰς
989 1966 1039 2008 τὸ
1064 1983 1217 2023 παρα-

389 2002 590 2077 n'hjmov
629 2028 727 2070 τοῖς
766 2010 1217 2080 τοαγῳδιογράᾳοις·

388 2083 463 2122 καὶ
492 2080 580 2136 γὰρ
609 2080 798 2127 ἐκειιοις
825 2083 974 2121 mian
1002 2084 1051 2121 αἱ
1085 2096 1217 2121 κατα-

390 2140 587 2195 στροφαὶ
632 2138 721 2178 τῶν
773 2136 1024 2192 δραμάτων
1068 2149 1218 2193 προσ-

390 2193 571 2236 δέονται
597 2194 708 2234 &sot
733 2194 806 2233 καὶ
830 2195 1050 2248 μηχανῆς.

448 2251 546 2290 10-
573 2251 635 2291 11.
676 2251 891 2291 eumenius
923 2257 1003 2290 etc.
1033 2251 1131 2301 geht
1152 2247 1225 2289 auf

389 2307 452 2346 die
477 2306 542 2359 ξ’
529 2320 537 2345 ι
562 2306 1124 2357 abgebrocheneErz‘ahlung
1146 2320 1219 2345 zu-

391 2363 506 2402 riick.
560 2377 602 2402 m
639 2376 756 2412 arce,
800 2361 873 2402 auf
905 2364 994 2402 dem
1031 2363 1220 2402 isolirten

388 2419 540 2459 Felsen
563 2432 612 2458 an
638 2421 725 2458 dem
751 2419 1125 2459 Zusammenssusse
1148 2420 1223 2458 der

390 2476 535 2514 beiden
558 2475 710 2523 B‘aiche,
741 2476 898 2515 welche
930 2477 994 2515 die
1026 2476 1220 2515 Cremera

390 2531 540 2570 bilden.
568 2553 624 2559 —-
652 2531 802 2579 edidit,
826 2532 1096 2578 dichteriscb:
1135 2531 1218 2581 vgl.

391 2586 507 2637 Virg.
550 2587 653 2627 Aen.
697 2588 742 2636 2,
785 2587 879 2625 259.
912 2610 965 2616 —
1002 2588 1160 2626 clamor
1194 2609 1222 2614 -

391 2642 537 2696 compl.
568 2643 717 2691 „Alles
752 2643 1013 2681 wiederhant
1042 2656 1119 2681 von
1144 2643 1221 2681 den

390 2698 678 2737 wechselnden
698 2698 893 2736 Stimmen
918 2698 1223 2737 schreckender

391 2755 588 2804 Drohung
608 2754 687 2793 und
711 2755 917 2803 zagender
939 2754 1115 2804 Angst“,
1139 2754 1221 2803 vgl.

393 2810 438 2859 3,
468 2811 539 2858 54,
571 2813 607 2850 9.
647 2832 701 2838 —
739 2813 988 2850 terrentium
1020 2816 1121 2859 etc.,
1156 2810 1222 2859 21,

393 2866 458 2918 25,
486 2865 556 2905 13:
583 2867 691 2918 finis
715 2866 942 2906 territandi
963 2870 1004 2905 et
1022 2866 1220 2920 pavende'3

393 2922 468 2973 22,
501 2923 545 2972 5,
579 2925 622 2962 4:
656 2925 932 2977 strepentium
953 2926 1222 2976 paz-entiam-

391 2993 469 3031 que
490 2979 707 3018 clamores.
725 3002 780 3008 —
795 2980 930 3018 mioeto
949 2985 1042 3028 etc„
1064 2980 1223 3028 eigent-

393 3035 490 3074 lich:
521 3035 1018 3085 nachdem—zugemischt
1049 3048 1156 3084 war,
1187 3048 1221 3074 s.

395 3090 466 3139 21,
499 3091 544 3138 7,
576 3090 622 3139 2,
652 3092 690 3130 d.
715 3093 750 3130 h.
775 3092 812 3130 in
846 3091 908 3130 die
932 3091 1015 3130 sich
1038 3092 1219 3141 mischte,

395 3147 637 3185 schwerlich
661 3148 715 3186 ist
745 3160 796 3186 zu
819 3147 1078 3187 construit-en
1110 3159 1222 3186 com-

391 3203 475 3255 plet
494 3202 665 3256 ploratu
694 3205 830 3244 mia-lo
859 3204 1034 3254 vocibus,
1069 3203 1151 3253 vgl.
1184 3202 1221 3251 2,

394 3258 458 3309 33,
476 3259 522 3303 ὃς
542 3258 607 3307 33,
626 3258 692 3309 22,
710 3258 748 3299 8.
763 3283 813 3288 —
828 3260 1010 3315 ploratu,
1027 3260 1223 3310 gewb‘hn-

302 1710 351 1750 16
385 1704 604 1768 blicoque
639 1704 806 1768 populi
832 1704 1040 1753 Romani
1065 1704 1245 1752 liceret.
1298 1709 1655 1752 convertentem
1684 1719 1735 1752 se
1760 1705 1883 1752 inter
1907 1704 2032 1753 hanc
2057 1719 2140 1752 ve-

1309 1857 1389 1896 lich
1426 1870 1505 1895 von
1535 1856 1698 1896 Frauen
1735 1857 1815 1896 und
1846 1855 2030 1896 Hindern
2067 1868 2140 1907 ge·

1308 1914 1494 1952 braucht.

1370 1969 1456 2008 13-
1471 1969 1534 2008 15.
1568 1971 1618 2009 ab
1639 1971 1804 2020 inermi,
1823 1968 1888 2019 26,
1910 1967 1978 2018 46,
2005 1965 2070 2008 10.
2087 1990 2140 1997 —

1309 2025 1422 2075 dedi,
1456 2038 1489 2064 s.
1521 2025 1568 2075 4,
1599 2023 1670 2077 34,
1700 2025 1739 2064 3.
1768 2026 2080 2080 —permz'ssu,
2105 2037 2138 2064 S.

1311 2095 1346 2121 c,
1376 2081 1449 2133 20,
1480 2080 1526 2129 63
1556 2081 1602 2134 4,
1633 2081 1706 2131 59,
1737 2081 1776 2121 8.
1798 2104 1854 2111 -—
1881 2081 2141 2134 aliquantum

1309 2140 1456 2188 maior,
1485 2137 1519 2188 1,
1540 2138 1576 2187 7,
1599 2137 1646 2185 93
1668 2137 1735 2186 40,
1757 2138 1825 2188 40,
1852 2137 1886 2190 1,
1908 2137 1991 2188 vgl.
2011 2136 2049 2186 3,
2075 2136 2141 2187 15,

1312 2194 1350 2245 2,
1375 2206 1450 2233 zur
1472 2193 1619 2243 Sache,
1643 2193 1681 2243 2,
1704 2193 1771 2241 50,
1795 2193 1833 2233 2.
1855 2216 1911 2222 -
1930 2205 2080 2234 rerum
2100 2205 2139 2231 n.

1307 2249 1489 2305 praeda,
1531 2250 1602 2289 das
1639 2250 1770 2289 worin
1808 2250 1873 2289 die
1905 2249 2032 2289 Beute
2069 2249 2143 2288 be-

1312 2307 1443 2355 steht,
1468 2319 1501 2345 s.
1525 2305 1599 2354 21,
1623 2305 1698 2355 60,
1721 2305 1759 2346 8.
1782 2328 1835 2334 —
1855 2309 1902 2346 ut
1923 2317 2016 2345 eam
2035 2306 2140 2344 invi-

1312 2362 1444 2412 diam,
1476 2362 1549 2401 der
1572 2362 1697 2400 durch
1721 2362 1793 2400 das
1817 2360 1949 2400 Gliick
1971 2366 2139 2410 erregte

1312 2418 1440 2467 Neid3
1465 2418 1536 2456 das
1554 2414 1794 2472 φθονερὸν
1810 2415 1860 2456 τὸ
1880 2418 2037 2466 θεῖονς
2055 2415 2139 2466 vgl.

1313 2475 1388 2523 45,
1423 2447 1496 2521 41,
1535 2473 1572 2512 7.
1625 2472 1709 2512 Der
1731 2473 1831 2512 Sinn
1861 2473 1934 2512 des
1958 2471 2140 2512 Gebetes

1311 2531 1384 2569 ist:
1416 2529 1480 2568 die
1504 2527 1655 2567 Gb‘tter
1682 2531 1870 2568 mb’chten
1901 2529 1974 2569 das
1995 2540 2141 2579 wegen

1312 2587 1385 2625 des
1407 2585 1694 2634 allzugrossen
1720 2584 1902 2625 Gliickes
1925 2585 2143 2624 bevorste-

1313 2642 1443 2680 hende
1468 2640 1653 2691 Ungliick
1689 2639 1756 2680 fiir
1790 2642 1856 2680 ibn
1893 2640 2027 2681 selbst
2059 2640 2143 2680 und

1314 2698 1389 2737 den
1414 2698 1533 2736 Stant
1554 2698 1699 2748 gering
1719 2698 1806 2737 sein
1829 2697 1983 2737 lassen.
2035 2696 2141 2737 Dass

1313 2766 1362 2792 an
1387 2754 1457 2792 das
1483 2753 1670 2804 Ungliick
1692 2754 1764 2793 des
1788 2752 1898 2793 Cam.
1917 2752 2050 2793 selbst
2071 2765 2142 2792 so·

1314 2810 1422 2848 wohl
1444 2810 1505 2848 als
1528 2811 1598 2849 das
1621 2810 1693 2849 des
1715 2809 1882 2850 Staates
1905 2823 1958 2849 zu
1980 2808 2141 2849 denken

1314 2867 1387 2915 sei,
1405 2867 1503 2916 geht
1519 2866 1619 2905 auch
1638 2878 1711 2905 aus
1730 2866 1805 2905 der
1820 2863 2140 2916 folg.1)eutung:

1312 2922 1369 2962 ad
1407 2922 1719 2962 damnationem
1754 2935 1792 2962 u.
1827 2923 1945 2962 urbis
1983 2920 2141 2961 cladem

1315 2980 1486 3030 her-vor,
1528 2979 1608 3017 und
1648 2991 1727 3018 suo
1762 3001 1790 3006 -
1825 2976 2010 3018 Romani
2045 2982 2140 3016 ent-

1314 3035 1543 3087 sprichtim
1561 3032 1787 3084 Vorherga
1808 3047 1931 3073 sua-
1946 3031 2141 3073 Romani.

1313 3091 1477 3131 Anders
1501 3089 1607 3129 Plut.
1633 3088 1742 3129 Cam.
1767 3090 1810 3128 5:
1834 3085 1941 3129 ἅδ’
1963 3084 2054 3143 ἄρα
2073 3101 2142 3134 τις

1314 3147 1388 3186 καὶ
1418 3142 1530 3201 ἡαΐν
1550 3142 1876 3210 ἀντίστροφος
1906 3140 2142 3210 ὀφείλεται

1314 3203 1390 3250 τῆς
1410 3198 1647 3266 παρούσης
1672 3201 1858 3266 νέμεσις
1878 3195 2074 3265 εὖπραξί
2073 3212 2139 3251 ας,

1315 3254 1509 3314 εὔχομαι
1544 3253 1710 3308 ταύτην
1738 3253 1855 3313 ὑπέρ
1884 3269 1931 3298 τε
1966 3252 2142 3300 πόλεως
