2221 3537
666 225 822 267 [ABER
848 225 899 267 V.
966 224 1083 265 CAP.
1108 225 1250 266 2526.

80 250 115 276 ι.
133 239 203 275 cti.
215 239 294 274 sss.
320 240 397 273 ³94.
1736 224 1836 274 313

79 355 139 405 ad
165 353 368 405 nihilum
396 354 659 418 redegisse.
707 353 932 402 absentes
952 352 1177 401 ferociter
1198 352 1469 416 increpant3
1498 352 1842 416 praesentium,

79 439 191 476 cum
218 440 272 476 se
295 424 422 475 ultro
449 424 583 474 iratis
611 424 857 482 offerrent,
886 422 1221 471 verecundiam
1250 422 1440 472 babent.
1492 422 1634 472 simul
1661 423 1842 472 extrahi
1883 431 1930 472 13

78 509 184 546 rem
209 511 266 545 ex
292 510 351 545 eo
377 509 507 545 anno
534 493 771 550 viderunt,
805 493 1028 542 tribunos
1057 491 1211 557 plebis
1241 492 1415 540 latores
1442 493 1558 554 legis
1587 494 1632 542 in
1662 509 1841 542 annum

77 565 277 616 eosdem
304 565 541 615 reficiunt.
588 570 636 613 et
660 571 820 627 patres
849 564 942 612 lioc
963 563 1088 611 idem
1113 562 1170 610 de
1192 562 1593 612 intercessoribus
1616 564 1734 626 legis
1755 564 1841 614 ad-

77 634 190 686 nisi.
241 635 305 685 ita
330 634 510 685 tribuni
538 634 691 698 plebis
720 649 892 697 magna
920 649 974 681 ex
1003 639 1138 697 parte
1165 633 1290 681 idem
1319 633 1501 681 resecti.

220 704 440 755 Comitiis
478 705 787 755 tribunorum
818 704 1023 753 militum
1052 710 1213 767 patres
1242 718 1434 752 summa
1464 719 1556 767 ope
1582 706 1842 762 evicerunt,
1877 708 1945 756 26

77 781 133 826 ut
157 775 218 826 Μ.
238 775 415 826 Furius
436 775 661 825 Camillus
690 782 945 825 crearetur.
994 782 1195 838 propter
1222 773 1341 822 bella
1369 773 1660 822 simulabant
1686 775 1842 838 parari

78 846 398 905 ducemased
434 846 676 911 largitioni
711 845 992 895 tribuniciae
1020 845 1320 893 adversarius
1349 844 1683 908 quaerebatur.
1734 860 1843 894 cum
1881 854 1904 894 2

79 916 277 967 Camillo
306 918 450 966 creati
479 917 657 966 tribuni
688 917 891 965 militum
921 916 1164 965 consulari
1194 923 1432 980 potestate
1459 915 1509 963 1..
1538 915 1714 964 Furius
1743 916 1844 964 Me-

78 986 289 1037 dullinus
315 995 505 1038 sextum
535 988 584 1036 C.
612 987 842 1036 Aemilius
872 987 921 1035 L.
946 987 1163 1036 Valerius
1185 986 1429 1039 Publicola
1453 986 1535 1050 Sp.
1561 986 1842 1035 Postumius

77 1057 130 1108 P.
158 1057 409 1108 Cornelius
444 1059 632 1108 iterum.
686 1058 926 1122 principio
968 1058 1079 1106 anni
1116 1057 1294 1106 tribuni
1332 1057 1482 1121 plebis
1524 1057 1641 1105 nibil
1677 1073 1845 1105 move-
1880 1068 1903 1106 3

76 1134 208 1187 runt,
236 1129 393 1178 donec
420 1129 478 1178 M.
506 1129 682 1179 Furius
711 1129 938 1178 Camillus
968 1129 1013 1177 in
1043 1129 1283 1183 FaliscOS,
1323 1129 1397 1176 cui
1427 1128 1469 1175 id
1500 1127 1675 1176 bellum
1705 1142 1846 1176 man-

76 1199 244 1249 datum
281 1207 407 1258 erat,
442 1200 842 1264 proficisceretur.
905 1200 1171 1247 differendo
1210 1199 1385 1246 deinde
1423 1198 1631 1261 elanguit
1664 1214 1764 1255 τρε,
1799 1207 1845 1246 et

75 1269 290 1330 Camillo,
319 1285 462 1334 quem
491 1270 819 1319 adversarium
850 1270 1057 1317 maxime
1084 1276 1368 1324 metuerant,
1398 1268 1546 1331 gloria
1576 1268 1623 1316 in
1647 1268 1844 1317 Faliscis

76 1339 242 1390 crevit.
287 1355 398 1389 nam
427 1355 536 1389 cum
565 1340 724 1405 primo
754 1339 1011 1388 moenibus
1041 1355 1093 1387 se
1115 1339 1283 1387 hostes
1306 1345 1525 1387 tenerent
1546 1338 1842 1387 tutissimum
1881 1353 1905 1391 4

76 1410 123 1460 id
152 1411 265 1469 rati,
299 1411 614 1475 populatione
642 1426 870 1474 agrorum
900 1417 1041 1474 atque
1068 1410 1303 1458 incendiis
1332 1409 1548 1458 villarum
1576 1409 1732 1472 coegit
1758 1425 1843 1458 eos

74 1480 236 1545 egredi
270 1481 404 1531 urbe.
464 1481 547 1530 sed
585 1482 731 1530 timor
768 1481 960 1544 longius
997 1481 1226 1545 progredi
1265 1479 1536 1545 prohibuit:
1586 1480 1711 1528 mille
1745 1480 1844 1529 fere
1877 1492 1901 1531 5

75 1567 278 1616 passum
315 1551 373 1602 ab
409 1552 591 1617 oppido
629 1559 782 1601 castra
819 1552 1000 1611 locant,
1033 1551 1162 1600 nulla
1199 1567 1249 1600 re
1284 1551 1370 1600 alia
1408 1551 1611 1599 fidentes
1650 1567 1701 1599 ea
1729 1551 1845 1600 satis

73 1628 177 1672 tuta
203 1638 312 1672 esse
338 1638 480 1687 quam
510 1623 787 1672 difficultate
815 1623 972 1672 aditus
1001 1622 1187 1686 asperis
1216 1621 1620 1685 confragosisque
1647 1622 1770 1670 circa
1798 1629 1846 1670 et

73 1692 250 1758 partim
287 1693 404 1742 artis
440 1694 616 1757 partim
653 1693 815 1743 arduis
844 1693 946 1742 viis.
1001 1700 1210 1741 ceterum
1241 1692 1468 1740 Camillus
1497 1693 1737 1756 captivum
1767 1693 1843 1740 in·
1879 1705 1904 1745 6

75 1763 235 1812 didem
270 1779 326 1812 ex
360 1764 487 1827 agris
527 1771 720 1812 secutus
757 1764 927 1812 ducem
965 1764 1136 1812 castris
1166 1763 1314 1811 multa
1341 1769 1484 1811 nocte
1512 1763 1658 1811 motis
1687 1762 1843 1827 prima

72 1834 178 1884 luce
205 1834 451 1899 aliquanto
479 1834 816 1899 superioribus
843 1834 962 1883 locis
986 1850 1036 1883 se
1059 1834 1289 1883 ostendit.
1334 1833 1482 1882 triarii
1505 1833 1710 1882 Romani
1734 1849 1843 1882 mu·
1880 1848 1903 1886 7

74 1904 284 1966 niebant,
309 1905 430 1955 alius
457 1906 693 1955 exercitus
721 1905 905 1969 proelio
934 1906 1147 1955 intentus
1176 1905 1345 1954 stabat.
1394 1903 1456 1953 ibi
1480 1904 1696 1968 inpedire
1719 1920 1844 1968 opus

76 1982 277 2025 conatos
307 1976 474 2025 hostes
503 1977 660 2025 fundit
686 1977 941 2040 fugatque3
975 1983 1261 2039 tantumque
1288 1976 1398 2024 inde
1426 1976 1618 2039 pavoris
1645 1975 1844 2024 Faliscis

75 2047 306 2096 iniectum
329 2053 419 2106 est,
446 2054 499 2096 ut
520 2048 669 2096 effusa
693 2047 802 2109 fuga
825 2054 979 2097 castra
1002 2063 1104 2104 sua,
1129 2062 1252 2111 quae
1277 2046 1508 2111 propiora
1531 2053 1679 2102 erant,
1704 2061 1845 2110 prae-

73 2117 153 2167 lati
180 2117 349 2167 urbem
378 2124 612 2182 peterent.
660 2117 796 2167 multi
825 2118 950 2167 caesi
978 2118 1325 2181 vulneratique,
1356 2117 1645 2181 priusquam
1668 2131 1847 2181 paven-
1882 2129 1907 2170 s

75 2194 148 2238 tes
186 2188 341 2253 portis
377 2189 658 2238 inciderent.
712 2196 869 2238 castra
897 2195 1059 2252 capta3
1096 2189 1275 2252 praeda
1304 2188 1362 2236 ad
1393 2195 1675 2251 quaestores
1705 2188 1845 2236 reda—

78 2265 150 2308 cta
188 2274 298 2308 cum
336 2274 508 2322 magna
536 2259 743 2308 militum
771 2259 859 2318 ira3
898 2260 983 2309 sed
1012 2259 1264 2308 severitate
1293 2258 1481 2322 imperii
1510 2258 1617 2306 victi
1645 2258 1843 2307 eandem

131 2405 338 2455 23—27·
379 2412 704 2464 Unterwerl'ung
733 2426 812 2452 von
837 2413 917 2453 Fa-
1008 2415 1105 2452 :iis
1142 2427 1248 2466 quae
1285 2415 1397 2452 circa
1434 2415 1577 2461 eraut,
1619 2411 1662 2460 1,
1700 2411 1767 2462 58,
1805 2411 1842 2451 2.

77 2470 184 2510 lerii.
232 2470 349 2510 Dion.
385 2469 457 2521 13,
493 2470 535 2518 13
580 2470 697 2510 Diod.
735 2470 804 2516 14,
838 2470 912 2516 933
1011 2469 1147 2510 Ueber
1169 2471 1244 2509 den
1266 2469 1358 2509 ΑΜ.
1378 2483 1412 2509 s.
1432 2482 1466 2508 c.
1492 2468 1552 2520 15,
1576 2468 1610 2507 1.
1629 2491 1671 2496 ——
1703 2470 1849 2508 artis-

78 2525 155 2566 Dio
185 2525 229 2566 C.
257 2524 310 2566 fr.
341 2525 407 2578 2⁴,
431 2527 478 2575 23
509 2526 611 2567 Zon.
636 2527 675 2577 7,
699 2525 775 2576 223
805 2525 914 2566 Plut.
1008 2526 1176 2577 arduis,
1219 2526 1252 2572 l,
1285 2526 1350 2577 58,
1375 2526 1413 2566 8.
1442 2548 1497 2554 —
1526 2524 1728 2572 indidem,
1765 2525 1848 2575 vgl.

77 2581 190 2623 Cam.
218 2582 268 2621 10
290 2595 329 2622 u.
352 2595 390 2622 a.

137 2638 246 2680 1-2.
267 2638 424 2692 largit„
449 2637 487 2688 3,
511 2639 546 2688 1,
567 2637 842 2679 3.--Furius
862 2640 918 2689 (in

76 2695 154 2735 den
174 2693 200 2735 f.
220 2694 250 2735 C
269 2694 376 2746 HL),
396 2707 443 2734 er
464 2696 533 2734 hut
554 2695 666 2744 also,
690 2697 768 2735 wie
791 2709 825 2735 c.
855 2696 918 2746 16,

76 2752 150 2792 das
172 2752 268 2792 Amt
297 2752 320 2791 2
342 2752 466 2791 Jabre
499 2753 600 2791 nach
632 2752 828 2791 einander
850 2752 922 2792 be-

75 2807 317 2848 kleidet.—
330 2808 560 2857 Cornelius,
580 2808 920 2848 wabrscheinlich

77 2865 154 2905 der
168 2878 202 2905 c.
222 2863 276 2904 24
297 2871 504 2915 genannte
522 2864 677 2919 Scipio.
713 2864 920 2904 Aetnilius

77 2920 388 2973 (Mamercinus
400 2924 426 2971 ).
486 2922 736 2962 Postumius
775 2921 919 2970 (Aloi-

74 2977 198 3027 nus).
220 3000 275 3008 —
295 2983 491 3030 metuar„
514 2979 589 3018 ebe
612 2991 659 3017 er
680 2978 827 3028 abzog.

134 3034 247 3076 5-7.
278 3048 478 3089 passum,
517 3035 557 3083 4,
589 3036 628 3083 9,
664 3034 733 3082 13,
765 3035 918 3073 ebenso

78 3089 158 3131 der
188 3088 330 3133 Genit.
362 3091 401 3142 3,
433 3091 509 3138 20,
535 3092 580 3131 7:
613 3091 666 3130 ib.
689 3090 753 3142 00,
779 3090 826 3131 3:
852 3089 919 3140 23,

76 3146 218 3198 44,7;
256 3147 328 3201 28,
351 3148 388 3200 2,
416 3148 463 3197 3;
502 3147 617 3195 ib.6‚
647 3147 694 3186 12
718 3160 755 3186 u.
777 3160 810 3186 s.
842 3159 917 3195 w.;

76 3202 268 3254 dagegen
328 3218 455 3245 assus
484 3204 596 3244 mille
625 3204 692 3252 21,
717 3204 755 3253 7,
780 3203 826 3250 23
851 3203 919 3253 23,

77 3257 145 3313 36,
175 3259 224 3310 7;
255 3259 279 3300 2
312 3260 452 3314 ,2,4;
485 3261 538 3301 ib.
561 3259 638 3311 34,
663 3259 702 3299 3.
724 3282 778 3288 -
807 3261 920 3301 circa

1008 2583 1083 2633 23,
1107 2583 1179 2634 46,
1209 2582 1278 2629 123
1318 2582 1392 2631 25,
1420 2581 1492 2630 15,
1520 2582 1568 2621 7:
1606 2581 1680 2630 27,
1709 2581 1847 2630 12,5;

1010 2639 1062 2679 ib.
1087 2640 1151 2691 25,
1179 2639 1223 2678 11
1251 2652 1290 2678 u.
1307 2651 1344 2677 a.
1362 2661 1415 2667 —
1436 2637 1571 2678 multa
1591 2652 1647 2688 n„
1671 2651 1705 2677 s.
1725 2637 1763 2684 3,
1782 2637 1849 2688 60,

1011 2700 1049 2736 ὅ.
1071 2719 1125 2725 -
1148 2697 1290 2735 triarii
1308 2708 1446 2742 mun„
1481 2694 1633 2734 ebenso
1660 2696 1696 2745 7,
1719 2694 1787 2742 23,
1812 2695 1849 2734 ἵ.

1011 2776 1065 2781 —
1092 2753 1223 2807 pr'oel.
1255 2754 1354 2801 int.‚
1391 2751 1472 2802 vgl.
1507 2751 1609 2790 Sall.
1643 2750 1669 2790 l.
1704 2751 1768 2797 76,
1802 2749 1846 2788 2:

1013 2809 1247 2863 oppidanos
1263 2807 1421 2862 proelio
1439 2810 1639 2847 intentos.
1652 2829 1704 2834 --
1725 2819 1850 2860 prae·

1010 2865 1098 2914 lali,
1123 2879 1157 2906 s.
1187 2866 1221 2917 1,
1245 2866 1312 2914 45,
1337 2867 1379 2910 ὃς
1405 2865 1440 2914 (ἱ,
1465 2864 1531 2909 29,
1556 2865 1593 2901 3.

1069 2923 1180 2963 5-9.
1213 2924 1328 2962 caesi
1354 2921 1487 2970 t·uIn.,
1518 2920 1563 2967 3,
1595 2919 1668 2965 55,
1703 2918 1764 2958 13.
1794 2941 1849 2948 —

1010 2978 1068 3018 ad
1087 2982 1263 3033 quaest„
1287 2992 1319 3017 c.
1350 2978 1409 3027 19,
1434 2975 1470 3015 S.
1493 2998 1544 3004 —
1562 2974 1736 3015 eandem
1755 2981 1848 3023 etc.‚

1011 3036 1094 3086 vgl.
1123 3035 1223 3075 Tac.
1255 3034 1301 3073 ll.
1340 3034 1379 3084 1,
1410 3032 1481 3071 71:
1516 3031 1626 3072 Celsi
1651 3031 1771 3071 salus
1799 3045 1850 3071 ue

1009 3092 1212 3132 militibus
1234 3089 1400 3143 quidem
1424 3091 1598 3140 ingrata
1604 3089 1646 3140 s
1643 3091 1724 3136 uie,
1749 3102 1848 3127 ean-

1010 3148 1103 3188 dem
1154 3151 1351 3188 virtutem
1394 3145 1707 3185 admirantibus
1725 3175 1734 3192 ,
1783 3148 1853 3184 cui

1012 3207 1319 3244 irascebantur.
1341 3204 1581 3256 —imperii
1603 3203 1670 3249 ist,
1689 3202 1767 3240 wie
1784 3214 1852 3241 se-

1013 3263 1191 3302 veritate
1209 3260 1334 3311 zeigt,
1349 3258 1576 3299 besonders
1593 3259 1660 3299 die
1679 3255 1853 3309 Kriegs-
