2221 3537
364 231 430 278 44

926 223 1085 266 LIBER
1115 224 1181 266 lli.
1243 224 1359 266 CAP.
1382 224 1449 265 21.
1483 225 1551 265 22.

1802 217 1844 270 ἰ.
1869 247 1906 270 u.
1933 239 2009 272 294.
2034 241 2112 273 295.

299 363 324 401 4
365 359 467 401 toto
504 367 632 401 anno
669 352 1001 402 vehementior
1033 355 1155 402 actio
1192 351 1407 402 consulis
1441 350 1546 401 fuit.
1600 352 1811 412 „mirer“
1836 353 2006 418 inquit,
2035 355 2112 414 „si

362 438 477 471 vana
518 429 697 482 vestra,
730 429 889 487 patres
931 424 1219 487 conscripti,
1256 421 1517 471 auctoritas
1550 423 1609 472 ad
1644 423 1837 488 plebem
1874 421 1989 473 est?
2022 439 2110 474 vos

359 493 549 542 elevatis
584 508 714 542 eam:
746 493 925 558 quippe
960 494 1070 556 quia
1108 493 1243 557 plebs
1278 497 1474 542 senatus
1509 493 1788 543 consultum
1814 494 1863 542 in
1883 493 2112 544 continu-

359 563 499 612 andis
526 563 884 627 magistratibus
915 562 1079 620 solvit,
1106 563 1199 627 ipsi
1226 577 1421 626 quoque
1447 562 1660 612 solutum
1686 565 1845 623 vultiS‚
1871 579 1934 614 ne
1957 569 2111 613 teme-

297 640 321 678 5
356 634 482 682 ritati
508 633 831 682 multitudinis
862 632 1061 690 cedatiS,
1094 638 1340 697 tamquam
1375 633 1421 681 id
1459 633 1522 682 sit
1540 634 1647 698 plus
1674 649 1824 698 posse
1849 633 1898 683 in
1925 634 2111 684 civitate

356 704 465 768 plus
491 704 692 752 levitatis
722 719 776 752 ac
800 702 1015 751 licentiae
1040 702 1232 752 habere.
1283 703 1431 752 levius
1453 703 1581 752 enim
1602 704 1869 768 vaniusque
1887 704 2108 768 profecto

297 779 321 817 6
359 781 432 823 est
475 790 561 822 sua
609 775 796 822 decreta
841 779 888 821 et
926 773 1145 822 consulta
1183 773 1349 822 tollere
1384 789 1528 837 quam
1564 773 1784 822 aliorum.
1836 773 2107 832 imitamini,

355 850 517 909 patres
539 843 817 907 conscripti,
844 842 1035 891 turbam
1062 844 1407 902 inconsultam,
1441 850 1488 892 et
1520 843 1599 908 qui
1629 844 1848 907 exemplo
1874 844 1976 893 aliis
2001 859 2110 894 esse

357 914 564 970 debetiS,
606 914 809 961 aliorum
837 913 1058 976 exemplo
1087 921 1279 977 peccate
1306 913 1494 977 potiuS,
1525 929 1667 978 quam
1693 913 1769 962 alii
1796 919 1956 963 vestro
1981 920 2108 963 recte

354 984 552 1042 faciant,
595 984 709 1032 dum
755 998 842 1046 ego
892 997 951 1031 ne
984 984 1145 1032 imiter
1181 983 1429 1041 tribunOS,
1469 998 1561 1032 nec
1593 998 1671 1032 me
1706 990 1873 1033 contra
1908 991 2106 1034 senatus

358 1054 632 1102 consultum
668 1054 916 1102 consulem
952 1053 1218 1102 renuntiari
1250 1054 1417 1118 patiar.
1475 1060 1522 1102 te
1555 1068 1693 1113 vero,
1730 1054 1778 1103 C.
1807 1053 1997 1119 Claudj,
2021 1055 2109 1104 ad-

352 1125 547 1182 hortor,
583 1130 636 1172 ut
661 1131 708 1172 et
733 1124 835 1187 ipse
860 1124 1099 1187 populum
1125 1124 1403 1173 Romanum
1440 1124 1529 1173 hac
1561 1124 1748 1173 licentia
1775 1139 1952 1184 arceas,
1978 1130 2025 1174 et
2049 1125 2108 1174 de

351 1210 430 1242 me
462 1195 557 1242 hoc
590 1194 677 1242 tibi
712 1194 1025 1258 persuadeas,
1064 1210 1141 1242 me
1176 1195 1237 1243 ita
1274 1201 1607 1258 accepturum,
1642 1201 1696 1243 ut
1732 1209 1833 1243 non
1867 1194 2104 1243 honorem

352 1280 513 1313 meum
549 1281 573 1312 a
609 1271 653 1312 te
688 1264 973 1328 impeditum
1013 1264 1094 1313 sed
1133 1265 1331 1328 gloriam
1361 1265 1512 1329 spreti
1538 1264 1742 1314 honoris
1769 1271 1954 1314 auctam
1981 1264 2103 1313 invi-

351 1335 598 1398 diamque,
634 1350 753 1397 quae
787 1351 842 1383 ex
881 1335 1160 1384 continuato
1197 1351 1253 1384 eo
1291 1336 1600 1399 inpenderet,
1638 1335 1836 1384 levatam
1888 1340 2103 1399 putem.“

350 1405 675 1454 communiter
710 1405 820 1453 inde
847 1404 1063 1462 edicunt,
1092 1420 1152 1453 ne
1179 1405 1285 1469 quis
1312 1405 1365 1454 L.
1394 1405 1672 1464 Quinctium
1702 1405 1952 1454 consulem
1977 1404 2106 1453 face-

292 1065 314 1076 ‚-

300 1080 308 1102 t

283 1487 298 1500 ·
350 1482 445 1534 ret,
473 1475 513 1523 si
542 1475 647 1538 quis
674 1475 883 1531 fecisset,
911 1491 961 1523 se
990 1476 1035 1523 id
1066 1476 1348 1538 suffragium
1375 1490 1476 1524 non
1503 1476 1864 1524 observaturos.
1914 1474 2106 1524 Consu-

346 1546 414 1594 les
444 1545 589 1594 creati
617 1546 672 1603 Q.
696 1545 870 1593 Fabius
899 1545 1161 1594 Vibulanus
1182 1546 1377 1594 tertium
1399 1552 1445 1594 et
1464 1545 1517 1593 L.
1540 1544 1790 1594 Cornelius
1810 1545 2105 1608 Maluginen-

347 1616 431 1664 sis,
485 1630 659 1663 census
689 1622 822 1663 actus
851 1630 906 1663 eo
936 1629 1086 1674 ann03
1114 1615 1321 1664 lustrum
1349 1621 1551 1680 propter
1577 1615 1865 1680 Capitolium
1894 1622 2105 1680 captum,

346 1685 593 1734 consulem
622 1685 853 1744 occisum,
883 1686 1026 1734 condi
1053 1685 1333 1748 religiosum
1360 1685 1464 1734 fuit.

345 1798 587 1852 reficiebant
617 1799 672 1837 ist
702 1811 779 1837 nur
807 1799 880 1837 der
901 1799 1061 1849 Antrag
1082 1799 1182 1838 oder

343 1855 407 1893 die
426 1855 597 1894 Absicht
616 1855 717 1893 auch
741 1855 803 1894 die
821 1854 1002 1894 Consuln
1026 1855 1182 1894 wieder

343 1924 395 1950 zu
418 1911 578 1950 w'ahlen
603 1911 860 1950 bezeichnet.

398 1966 507 2005 4-5.
530 1969 673 2016 mirer,
696 1966 913 2006 Ausdruck
932 1967 1005 2006 des
1024 1965 1181 2008 Unwil-

340 2023 447 2073 lens,
471 2035 503 2062 S.
527 2022 566 2071 2,
589 2023 740 2072 34,10.
764 2045 820 2051 -
841 2022 1030 2076 αιίρίεὸ.,
1057 2023 1091 2071 1,
1111 2022 1177 2073 26,

341 2080 364 2117 5
379 2081 564 2130 :ingrati
579 2078 634 2118 ad
649 2079 821 2131 vulgus:
836 2078 874 2129 2,
893 2080 955 2128 10,
972 2079 1013 2117 11
1033 2078 1095 2128 36,
1110 2078 1176 2128 34,

342 2135 381 2174 5.
404 2157 459 2163 —
480 2135 672 2185 elei-atis,
704 2136 782 2173 wie
814 2134 859 2185 6,
894 2134 969 2185 23,
999 2136 1038 2175 4.
1061 2157 1114 2163 -
1136 2137 1179 2173 in

341 2195 450 2231 cont.
482 2205 624 2244 mag.,
655 2192 701 2241 4,
732 2191 804 2241 44,
837 2191 884 2239 93
915 2190 998 2230 Cic.
1031 2190 1108 2230 Off.
1140 2189 1178 2240 2,

343 2247 406 2297 18,
421 2247 491 2286 53;
511 2249 710 2287 iniuriam
727 2249 768 2286 in
785 2247 1038 2287 deterrenda
1055 2247 1179 2286 liber-

341 2307 428 2343 tate
448 2305 666 2357 sibifieri3
691 2302 810 2343 Corn.
832 2304 920 2343 Att.
944 2303 982 2351 9,
1007 2304 1050 2341 2:
1073 2306 1114 2342 in
1133 2316 1179 2342 eo

338 2359 539 2400 laedendo
563 2360 746 2413 aliquam
771 2363 1067 2400 consecutor-os
1085 2373 1179 2412 Spe-

340 2417 493 2456 rabant
515 2415 874 2456 commoditatem:
908 2415 1025 2455 Caes.
1058 2414 1107 2455 G.
1139 2416 1176 2463 5,

343 2473 414 2521 19,
445 2471 492 2510 3:
517 2472 600 2511 Cic.
626 2473 713 2522 Lig.
740 2473 809 2519 11,
843 2472 918 2518 32;
941 2471 986 2510 L.
1010 2471 1084 2517 35,
1110 2470 1177 2519 48,

341 2529 378 2567 b.
403 2549 458 2555 —
479 2528 524 2567 id
543 2532 598 2567 sit
620 2534 722 2578 etc.,
752 2542 784 2567 c.
814 2529 882 2578 19,
915 2528 952 2566 9.
976 2549 1031 2555 —-
1055 2528 1174 2577 enim,

339 2585 414 2622 der
436 2584 535 2622 Satz
567 2584 797 2634 begriindet
827 2584 904 2622 den
929 2584 979 2621 im
1004 2583 1177 2620 vorher-

339 2640 430 2690 geh.
455 2639 491 2677 in
510 2641 688 2678 anderen·
706 2639 827 2678 Form
845 2638 1175 2689 ausgedriickten

339 2697 559 2745 negativen
585 2695 808 2735 Gedanken
839 2708 921 2734 uon
952 2698 1013 2734 est
1031 2695 1128 2747 plns
1149 2717 1176 2722 -

337 2753 503 2791 habere.
527 2774 580 2780 -—
601 2765 680 2791 sua
704 2753 740 2790 in
762 2751 898 2800 Bezug
918 2749 991 2790 auf
1008 2753 1072 2790 ein
1096 2751 1175 2789 all-

338 2809 570 2858 gemeines,
595 2821 645 2846 zu
669 2807 905 2846 denkendes
930 2807 1122 2858 Subject,
1143 2819 1176 2846 s.

339 2878 374 2903 c.
399 2864 475 2914 39,
506 2864 542 2903 7.
574 2887 626 2892 -
650 2863 818 2903 decreta
843 2864 930 2902 sind
961 2870 1079 2902 sonst
1100 2864 1176 2902 Se-

338 2920 673 2959 natsbeschliisse
698 2921 734 2958 iu
760 2919 985 2959 Riicksicht
1006 2918 1078 2958 auf
1096 2920 1172 2958 den

336 2976 484 3023 luban,
506 2976 878 3016 senatusconsulta
895 2976 930 3014 in
953 2976 1090 3025 Bezug
1106 2975 1178 3014 aus

338 3034 401 3071 die
426 3031 680 3083 Giiltigkeit3
707 3033 794 3071 hier
815 3033 903 3071 sind
928 3031 1044 3071 beide
1063 3033 1170 3070 Aus-

338 3088 493 3127 driicke
524 3088 786 3138 verbunden,
815 3101 879 3126 um
910 3089 986 3126 den
1020 3088 1177 3137 Begriff

337 3144 506 3184 starker
527 3158 577 3184 zu
599 3145 791 3194 betonen,
815 3144 897 3194 vgl.
921 3144 957 3195 4,
979 3144 1045 3194 57,
1064 3145 1101 3184 5.

396 3200 503 3239 6-7.
529 3215 618 3251 nec,
642 3214 672 3240 s.
700 3201 738 3251 2,
761 3200 1106 3250 32,10;22,10‚
1131 3200 1170 3238 5.

337 3279 391 3285 —
411 3260 660 3310 renuntiari,
682 3258 748 3297 die
769 3256 983 3297 feierliche
1006 3255 1173 3295 Erthei-

1271 1798 1371 1849 lung
1416 1798 1488 1837 des
1526 1798 1671 1837 Amtes
1708 1798 1834 1837 durch
1881 1797 1958 1836 den
1997 1795 2108 1837 Vor-

1272 1855 1487 1893 sitzenden
1506 1855 1543 1893 in
1555 1854 1631 1893 den
1652 1852 1988 1904 Wahlcomitien,
2005 1853 2109 1892 ohne

1271 1911 1336 1949 die
1367 1910 1559 1950 dasselbe
1590 1910 1703 1949 nicht
1729 1914 1975 1959 angetreten
1997 1920 2107 1948 wer-

1272 1967 1349 2005 den
1373 1967 1496 2016 kann,
1519 1979 1552 2006 s.
1570 1966 1609 2014 5,
1635 1965 1698 2015 18,
1722 1965 1760 2005 2.
1796 1964 1843 2005 L.
1860 1964 2020 2005 scheint
2034 1977 2109 2004 an-

1273 2023 1514 2071 zuuehmen,
1536 2023 1631 2061 dass
1654 2022 1744 2061 dem
1766 2022 1830 2061 die
1851 2019 2109 2061 Wahlcomi-

1272 2079 1356 2118 tien
1394 2078 1602 2118 leitenden
1639 2076 1795 2117 Consul
1824 2077 1911 2116 sein
1936 2075 2105 2128 College

1272 2135 1375 2174 habe
1397 2135 1696 2183 intercediren,
1727 2135 1791 2172 die
1811 2132 2105 2173 Renuntiation

1271 2191 1486 2247 verbieten
1524 2190 1704 2230 konnen.
1741 2193 1858 2229 —et
1878 2192 1990 2244 ipse,
2026 2190 2105 2229 wie

1271 2248 1345 2286 der
1381 2246 1574 2286 Redende
1616 2246 1749 2286 selbst
1791 2246 1876 2286 sich
1920 2246 2104 2296 dagegen

1271 2303 1464 2343 erkliiren
1494 2303 1597 2341 will.
1625 2325 1681 2330 —
1708 2301 1892 2353 licentia,
1921 2301 1987 2341 die
2017 2302 2104 2341 sich

1270 2360 1308 2398 in
1358 2360 1433 2397 der
1479 2358 1763 2408 Missachtung
1810 2358 1884 2398 der
1923 2356 2105 2397 Gesetze

1271 2415 1394 2463 zeigt.
1439 2414 1524 2453 Den
1556 2414 1722 2453 blossen
1748 2413 1839 2453 ΑΜ.
1871 2413 1937 2452 bei
1957 2425 2105 2453 arcere

1269 2471 1337 2509 hat
1361 2470 1406 2509 L.
1438 2476 1556 2509 sonst
1577 2470 1642 2509 bei
1663 2469 1862 2509 iirtlichen
1887 2468 2104 2520 Objecten.

1268 2549 1324 2555 —
1345 2529 1500 2579 spreti,
1522 2526 1607 2576 vgl.
1631 2525 1675 2573 2,
1700 2526 1773 2574 47,
1802 2525 1874 2574 113
1896 2524 1945 2575 4,
1967 2525 2041 2576 57,
2063 2524 2102 2566 6.

1268 2606 1321 2610 —
1344 2585 1514 2632 contin„
1537 2582 1801 2621 conditional.

1325 2638 1363 2677 8.
1407 2640 1594 2690 faceret,
1629 2638 1765 2677 dieses
1795 2636 1868 2678 W.
1898 2637 2001 2677 wird
2030 2636 2102 2677 be-

1268 2695 1442 2733 sonders
1480 2707 1558 2733 von
1595 2694 1825 2734 Einzelnen
1861 2693 2101 2744 gebraucht,

1264 2751 1421 2789 welche
1445 2752 1577 2790 einem
1594 2749 1846 2790 Candidatcn
1865 2750 1953 2789 ihre
1974 2748 2099 2788 Stim-

1264 2820 1328 2846 me
1359 2806 1511 2858 geben,
1541 2820 1577 2846 c.
1608 2806 1681 2855 64,
1715 2806 1778 2845 10.
1812 2828 1860 2836 —
1889 2817 1973 2844 non
1995 2806 2099 2852 obs„

1266 2865 1325 2902 sie
1355 2863 1525 2902 wiirden
1556 2860 1630 2902 auf
1653 2862 1718 2901 die
1748 2861 1944 2901 Stimmen
1977 2859 2099 2900 keine

1265 2919 1491 2959 Riicksicht
1512 2919 1698 2968 nehmen,
1721 2918 1781 2957 sie
1802 2917 1914 2956 nicht
1935 2916 2099 2966 za'hlen,

1265 2977 1343 3014 wie
1375 2981 1494 3015 sonst
1522 2976 1729 3015 rationem
1756 2973 1928 3023 habere,
1958 2985 1993 3012 c.
2020 2971 2097 3020 643

1267 3032 1311 3082 7,
1343 3031 1416 3081 22,
1442 3031 1464 3070 8
1496 3045 1537 3070 u.
1569 3043 1604 3069 a.
1650 3029 1774 3069 Beide
1806 3029 1991 3069 erlassen
2023 3028 2097 3068 das

1262 3087 1396 3137 Edict,
1420 3087 1603 3137 obgleich
1621 3085 1818 3126 Claudius
1840 3085 1940 3125 nach
1962 3083 1989 3137 ξ
2011 3085 2033 3123 7
2055 3085 2095 3124 in

1263 3145 1338 3184 den
1363 3144 1563 3183 Comitien
1584 3143 1662 3182 den
1683 3141 1854 3182 Vorsitz
1871 3139 1998 3181 stihrt.

1320 3193 1406 3239 22.
1444 3200 1478 3239 1.
1502 3201 1685 3249 tertium,
1709 3211 1742 3237 c.
1761 3198 1797 3238 2.
1822 3221 1876 3227 —
1892 3210 2004 3238 cons.
2023 3208 2097 3248 oc„

1262 3257 1341 3296 wie
1363 3257 1505 3309 spiiter
1524 3255 1591 3296 bei
1610 3255 1701 3296 dem
1722 3253 1836 3295 Tode
1857 3255 1972 3295 eines
1989 3252 2094 3293 Cen-
