2221 3537
80 225 115 251 0,
141 216 210 251 cu,
236 216 315 251 8⁰4.
656 201 814 243 LIBER
848 202 897 244 V.
959 200 1074 242 CAP.
1099 202 1165 243 28.
1191 203 1258 244 29.
1743 202 1845 252 319

7 371 13 378 ,
81 332 206 383 citus
242 330 416 382 merito
442 345 496 381 se
521 344 574 379 ea
600 329 766 378 audire
791 336 839 379 et
863 329 999 379 fateri
1026 328 1293 378 admissum
1322 330 1578 392 flagitium,
1618 327 1703 379 sed
1732 346 1844 380 eos-

8 423 13 439 =
78 401 188 453 dem
210 408 516 452 correcturos
538 415 663 456 esse,
684 415 840 463 neque
863 400 1146 449 diuturnum
1169 399 1212 446 id
1236 401 1460 461 gaudium
1478 400 1702 450 hostibus
1718 402 1837 451 sore.

7 507 9 510 -
78 479 363 539 poscentes,
391 477 442 521 ut
467 470 725 519 confestim
755 470 864 518 inde
890 471 949 519 ad
976 477 1129 518 castra
1158 469 1372 518 bostium
1401 471 1599 519 duceret
1626 500 1690 505 —-
1718 479 1764 521 et
1790 473 1836 521 in
1873 480 1898 519 9

0 596 2 598 ,
77 549 346 608 conspectu
380 547 518 590 erant
550 540 706 604 posita
742 541 789 588 in
825 541 965 604 plano
994 568 1061 575 —-
1088 539 1204 587 nihil
1233 556 1420 603 poenae
1447 541 1755 599 recusabant,
1791 543 1838 592 ni

2 636 8 665 z
79 628 134 663 oa
166 618 276 663 ante
311 619 503 661 noctem
540 618 917 674 expugnassent.
969 609 1286 658 conlaudatos
1323 625 1527 672 corpora
1558 627 1724 660 curare
1752 629 1836 676 pa-
1879 618 1927 658 10

6 725 7 728 ,
74 690 306 748 ratesque
339 698 446 731 esse
479 688 647 746 quarta
682 680 832 744 vigilia
862 680 1006 730 iubet.
1057 688 1103 728 et
1131 681 1321 736 hostes,
1359 688 1647 729 nocturnam
1678 684 1838 744 sugam

76 768 134 803 ex
167 757 354 804 tumulo
382 752 715 802 Romanorum
752 757 803 800 ut
839 750 896 800 ab
931 766 986 799 ea
1023 751 1114 808 via,
1152 767 1272 815 quae
1300 750 1481 799 ferebat
1513 751 1838 814 Verruginem,

74 823 406 881 excluderent,
439 824 575 872 fuere
610 822 757 880 obvii,
794 821 1128 885 proeliumque
1164 829 1273 870 ante
1311 822 1463 870 lucem
1503 850 1569 856 —-
1607 824 1689 870 sed
1730 823 1840 871 luna

74 908 263 960 pernox
295 901 397 943 erat
423 923 489 928 —-
518 893 837 942 commissum
866 900 960 949 est,
1000 900 1046 940 et
1074 893 1196 940 baud
1227 893 1455 941 incertius
1485 892 1659 941 diurno
1691 909 1836 956 proe-

69 963 190 1015 lium
215 964 321 1014 fuit.
373 964 459 1012 sed
489 963 671 1013 clamor
699 963 1012 1026 Verruginem
1043 964 1268 1027 perlatus,
1299 979 1406 1012 cum
1437 970 1589 1012 castra
1614 964 1835 1014 Romana
1879 970 1925 1010 11

72 1034 324 1085 crederent
350 1036 646 1099 oppugnari,
675 1041 863 1083 tantum
895 1034 1055 1082 iniecit
1081 1035 1297 1098 pavoris,
1327 1043 1375 1082 ut
1403 1034 1692 1097 nequiquam
1722 1036 1835 1083 reti-

71 1111 218 1156 nente
252 1112 392 1171 atque
428 1105 712 1154 obsecrante
740 1104 940 1153 Aemilio
969 1106 1233 1153 Tusculum
1273 1105 1411 1168 palati
1440 1105 1673 1167 fugerent.
1728 1106 1837 1154 inde
1876 1109 1923 1150 12

69 1176 197 1227 fama
218 1175 424 1226 Romam
453 1176 629 1241 perlata
651 1183 723 1224 est
745 1175 1050 1224 Postumium
1073 1176 1434 1238 exercitumque
1457 1176 1689 1224 occisum.
1737 1177 1834 1239 qui,

69 1246 151 1297 ubi
177 1246 334 1311 prima
359 1246 438 1295 lux
466 1254 647 1295 metum
671 1246 956 1294 insidiarum
978 1247 1128 1293 eti'use
1149 1246 1466 1309 sequentibus
1488 1246 1697 1301 sustulit,
1726 1261 1837 1294 cum

68 1315 426 1382 perequitasset
456 1317 605 1365 aciem
644 1316 890 1379 promissa
923 1323 1171 1379 repetens,
1212 1322 1398 1364 tantum
1435 1315 1595 1364 iniecit
1630 1317 1837 1372 ardoris,

67 1394 122 1437 ut
146 1402 247 1437 non
272 1386 394 1437 ultra
417 1387 737 1436 sustinuerint
758 1387 992 1451 impetum
1015 1386 1180 1450 Aequi.
1226 1386 1383 1434 caedis
1407 1385 1518 1434 inde
1536 1386 1836 1448 fugientium,
1878 1391 1927 1432 13

71 1458 223 1522 qualis
258 1457 339 1507 ubi
367 1459 435 1506 ira
463 1457 614 1521 magis
641 1473 784 1521 quam
813 1457 985 1505 virtute
1012 1473 1088 1505 res
1119 1457 1325 1519 geritur,
1364 1457 1420 1505 ad
1451 1457 1714 1519 perniciem
1744 1457 1837 1506 lio-

69 1528 220 1579 stium
251 1528 374 1578 facta
407 1536 503 1586 est,
537 1529 819 1592 tristemque
846 1528 902 1575 ab
930 1528 1142 1576 Tusculo
1171 1528 1396 1576 nuntium
1428 1528 1719 1592 nequiquam
1750 1544 1837 1576 ex-

68 1599 232 1649 territa
267 1599 454 1648 civitate
488 1600 668 1648 litterae
695 1616 718 1647 a
747 1599 999 1647 Postumio
1030 1599 1267 1647 laureatae
1297 1606 1548 1656 secuntur,
1586 1599 1836 1647 victoriam

0 1678 1 1683 ’
67 1669 234 1736 populi
262 1670 469 1719 Romani
496 1686 620 1726 esse,
646 1672 926 1733 Aequorum
954 1670 1218 1718 exercitum
1247 1669 1473 1716 deletum.

209 1740 538 1790 Tribunorum
567 1739 719 1804 plebis
747 1740 961 1788 actiones
990 1740 1098 1803 quia
1128 1740 1345 1787 nondum
1369 1739 1651 1787 invenerant
1671 1740 1831 1798 finem,
1867 1742 1933 1791 29

68 1816 117 1861 et
140 1810 275 1876 plebs
309 1811 595 1860 continuare
630 1810 865 1859 latoribus
901 1810 1018 1874 legis
1047 1810 1344 1859 tribunatum
1374 1817 1421 1858 et
1449 1817 1610 1873 patres
1640 1811 1836 1859 reticere

66 1882 415 1932 intercessores
449 1881 566 1945 legis
602 1881 757 1930 adnisi
789 1888 929 1940 sunt3
965 1882 1048 1930 sed
1079 1881 1187 1945 plus
1218 1881 1321 1929 suis
1349 1881 1559 1929 comitiis
1588 1880 1722 1945 plebs
1751 1897 1836 1930 va-

124 2050 265 2091 9-11.
311 2050 565 2105 et-plano,
599 2050 672 2101 27,
712 2051 753 2099 l,
784 2051 822 2090 2.
853 2075 906 2080 —

67 2110 221 2161 quarta
240 2119 289 2159 tu,
309 2120 440 2159 gegen
460 2107 648 2158 Morgen.
668 2109 905 2161 —sugam

66 2176 100 2203 s.
126 2163 165 2214 3,
194 2163 234 2215 3,
263 2164 302 2204 4.
324 2187 377 2193 -
399 2163 553 2204 diurno
573 2177 662 2218 pru,
691 2164 753 2203 als
785 2178 904 2204 wenu

66 2221 140 2260 das
163 2219 331 2260 Trefl'en
354 2233 417 2260 am
441 2220 554 2270 Tage
576 2220 772 2270 geliei'ert
794 2234 907 2260 wor-

65 2277 143 2317 den
166 2277 304 2324 wiire3
328 2277 510 2327 dagegen
531 2276 628 2317 Tac.
649 2277 751 2317 Hist.
772 2277 810 2327 3,
829 2277 904 2317 23:

63 2337 217 2375 neutro
244 2333 520 2373 inclinat-erat
533 2335 746 2386 fortuna,
775 2334 904 2375 donec

65 2389 212 2432 adulta
238 2394 358 2432 nocte
380 2390 479 2430 luna
499 2404 685 2443 surgens
708 2391 904 2431 ostende-

65 2450 134 2488 ret
173 2448 287 2487 acies
315 2447 594 2501 salleretque.
625 2470 679 2476 —
709 2451 748 2486 et
789 2447 905 2488 haud

66 2509 170 2553 ete.,
198 2503 279 2542 und
310 2516 356 2542 so
387 2516 475 2543 war
497 2504 563 2543 die
586 2504 781 2543 Schlacbt
803 2518 901 2544 usw.

65 2580 122 2589 —
156 2558 235 2599 sed
269 2564 374 2606 etc.,
412 2559 600 2610 obgleich
638 2561 730 2600 eine
764 2561 902 2612 regel-

66 2615 244 2665 iniissige
281 2614 477 2655 Schlacbt
511 2614 704 2666 geliesert
744 2619 902 2668 wurde,

65 2671 235 2724 glaubte
266 2683 378 2717 man.
411 2673 483 2711 das
507 2672 643 2723 Lagei·
662 2675 804 2713 werdo
826 2688 904 2725 ge-

66 2729 233 2769 stiirmt.
260 2751 316 2758 —
353 2727 602 2776 Tusculum,
640 2730 718 2770 wie
751 2729 795 2781 3,
833 2731 900 2770 42.

65 2784 259 2837 Verrugo
288 2785 448 2825 scheint
471 2786 665 2825 vertor-en
689 2799 901 2837 gegangen

64 2855 116 2882 zu
140 2855 244 2882 sein.

127 2897 192 2938 12.
239 2900 311 2952 qui
338 2897 413 2939 auf
437 2899 503 2938 die
534 2899 822 2952 ilauptperson
851 2912 903 2939 zu

62 2954 278 2996 beziehen.
297 2977 353 2985 —-
368 2958 639 3008 sequentibus
659 2957 725 3003 ist,
749 2957 796 2995 da
816 2962 905 2996 erst

63 3012 246 3052 nachher
290 3013 367 3053 der
408 3011 534 3052 Feind
579 3012 903 3061 znriickweicbt,

64 3068 355 3122 hypothetisch
385 3082 436 3109 zu
468 3071 661 3109 nebmen:
693 3082 810 3107 wenn
841 3070 902 3108 sie

62 3146 91 3154 -—
113 3125 415 3175 nacbriickten,
446 3140 480 3166 s.
514 3126 554 3178 1,
585 3125 628 3171 8,
661 3127 704 3165 5:
729 3126 902 3165 deseen-

64 3179 280 3231 dentibus,
305 3182 343 3232 7,
371 3184 434 3233 11),
453 3183 497 3222 6:
516 3183 843 3222 aestimantibus
860 3195 899 3223 u.

64 3236 118 3290 ἱ,
139 3238 225 3290 vgl.
246 3237 314 3288 31,
336 3238 411 3290 42,
435 3239 479 3279 8:
503 3240 767 3280 Athamanes
784 3262 808 3267 -
824 3251 902 3294 per·

997 2050 1119 2091 calles
1155 2052 1326 2102 ignotas
1356 2050 1630 2102 sequentibus
1658 2064 1730 2089 eos
1759 2051 1835 2091 leo·

996 2110 1133 2147 stibus
1159 2107 1479 2161 perdux-erunt:
1511 2106 1561 2145 ob
1590 2120 1635 2146 es
1666 2120 1743 2146 von
1771 2110 1838 2146 in-

995 2164 1204 2204 sidiarum
1227 2164 1482 2214 abb'zingiger
1507 2162 1641 2215 Dativ‚
1666 2165 1745 2202 wie
1769 2163 1835 2210 23,

997 2220 1072 2269 35,
1098 2222 1139 2259 7:
1165 2222 1441 2275 emprobratio
1463 2222 1678 2271 cuiquam:
1704 2221 1742 2269 5,
1767 2219 1834 2271 42,

997 2276 1041 2316 3:
1071 2290 1246 2325 curs-1153
1276 2278 1321 2323 4,
1349 2277 1423 2323 44,
1450 2277 1494 2314 5:
1522 2290 1669 2329 preces
1689 2289 1770 2330 pro
1793 2289 1833 2316 u.

995 2334 1049 2383 a,
1073 2335 1175 2373 oder
1196 2334 1276 2373 abl.
1300 2334 1386 2372 abs.
1407 2334 1473 2381 ist,
1494 2333 1599 2371 lasst
1614 2334 1701 2372 sich
1721 2333 1836 2372 nicht

995 2391 1131 2430 sicher
1168 2391 1404 2437 erkennen;
1442 2402 1487 2427 es
1519 2390 1620 2428 wird
1650 2390 1753 2428 auch
1782 2391 1835 2429 ab

995 2451 1136 2499 est’use
1165 2461 1248 2500 seq.
1284 2459 1412 2485 verm.
1442 2467 1496 2473 —
1522 2449 1753 2498 perequit.,
1782 2458 1833 2485 an

992 2505 1068 2542 der
1091 2503 1222 2543 Front
1243 2504 1322 2543 und
1346 2504 1383 2542 in
1406 2503 1483 2542 den
1510 2501 1663 2542 Reiben
1689 2503 1771 2551 hin,
1794 2502 1834 2553 6,

995 2561 1033 2609 7,
1057 2560 1094 2599 3.
1112 2583 1166 2589 —
1184 2574 1265 2613 qua
1287 2574 1323 2599 n.
1346 2573 1440 2599 esse
1455 2559 1572 2599 solet.
1589 2581 1644 2588 —
1660 2572 1686 2598 a
1705 2559 1835 2609 Post„

993 2616 1227 2667 attributiv,
1252 2617 1319 2666 27,
1343 2616 1410 2665 39,
1438 2616 1451 2654 1
1482 2629 1519 2654 u.
1539 2628 1575 2655 a.
1595 2639 1648 2644 —
1666 2615 1836 2656 laurea-

994 2677 1082 2723 tae,
1114 2673 1214 2713 Plin.
1245 2674 1313 2723 15,
1338 2672 1412 2722 3⁰,
1440 2672 1539 2711 133:
1569 2672 1718 2712 taurus
1749 2672 1834 2712 110·

992 2732 1130 2770 manis
1165 2732 1394 2785 praecipue
1423 2729 1611 2768 laetitiae
1635 2732 1832 2769 victoria-

992 2801 1086 2828 rum
1119 2801 1170 2827 ue
1190 2790 1340 2828 nuntia
1360 2785 1534 2826 additur
1553 2786 1702 2824 literis.

1050 2839 1102 2886 2.
1122 2875 1134 2888 .
1183 2844 1289 2884 1—2.
1339 2845 1586 2882 invenerant
1626 2842 1722 2889 geht
1762 2838 1835 2880 auf

994 2914 1028 2940 c.
1061 2903 1134 2952 26,
1173 2902 1196 2939 3
1228 2900 1400 2940 zuriick.
1430 2922 1478 2927 —
1512 2901 1830 2948 intercessores,

994 2971 1028 2998 s.
1051 2958 1077 3011 ξ
1100 2960 1147 3006 63
1170 2972 1205 2997 c.
1229 2958 1295 2999 25.
1322 2957 1382 2995 13.
1402 2978 1454 2983 —
1472 2952 1833 3007 reficere-adnisi

993 3028 1045 3062 s.,
1069 3016 1148 3054 wie
1171 3016 1210 3061 9,
1236 3015 1300 3057 215,
1331 3013 1397 3056 15;
1429 3011 1489 3058 it),
1516 3010 1579 3055 ⁴1,
1607 3010 1642 3049 7.
1663 3032 1716 3038 —
1738 3013 1829 3050 suis

992 3083 1046 3121 c.,
1077 3073 1151 3111 der
1174 3070 1338 3110 Grund:
1369 3069 1406 3106 in
1431 3067 1602 3115 Conni„
1633 3067 1670 3105 in
1695 3067 1828 3106 denen

990 3129 1051 3166 sie
1081 3129 1155 3168 das
1179 3124 1495 3174 veborgewieht
1526 3124 1593 3162 bat
1617 3124 1746 3168 (nicht
1766 3123 1830 3162 als

993 3184 1042 3223 ob
1065 3186 1130 3224 die
1156 3183 1358 3224 l'atricier
1378 3179 1723 3229 uusgeschlossen
1747 3179 1832 3219 wi-

993 3253 1087 3290 ren,
1113 3254 1145 3281 s.
1171 3254 1206 3280 c.
1229 3240 1303 3288 30,
1327 3238 1375 3287 4)
1398 3237 1586 3277 erhalten
1608 3237 1675 3276 die
1697 3236 1830 3276 inter·
