2221 3537
244 224 342 272 172

848 198 1006 264 mmm
1027 223 1097 266 lv.
1156 224 1272 265 cAr.
1298 225 1362 266 13.

1792 247 1825 270 ι.
1850 247 1886 270 u.
1912 239 1990 271 ³15.

180 356 202 395 7
240 357 287 398 et
310 348 485 398 Lucius
520 348 754 399 Minucius
787 350 1056 414 praefectus
1091 365 1312 400 annonae
1337 367 1421 401 seu
1448 352 1679 411 refectuS‚
1704 368 1805 413 seu,
1829 353 1991 418 quoad

238 434 318 467 res
357 425 597 483 posceret,
642 420 692 469 in
733 420 971 470 incertum
1007 427 1221 470 creatus:
1256 422 1374 471 nihil
1412 423 1537 472 enim
1567 429 1779 483 constat,
1812 423 1908 473 nisi
1939 423 1990 474 in

237 489 388 538 libros
422 489 596 538 linteos
630 498 836 555 utroque
875 505 1003 540 anno
1038 490 1238 540 relatum
1275 492 1399 541 inter
1430 494 1736 557 magistratus
1763 494 1992 559 praefecti

179 566 202 605 8
239 574 436 609 nomen.
495 560 574 608 hic
608 560 846 610 Minucius
890 561 1091 610 eandem
1135 561 1204 610 rei
1243 562 1459 625 publicae
1495 564 1791 613 curationem
1825 579 1990 629 agenS‚

238 645 382 693 quam
424 630 621 680 Maelius
665 631 884 696 privatim
931 631 1165 693 agendam
1212 640 1512 698 susceperat,
1547 650 1657 684 cum
1698 634 1746 684 in
1789 640 1991 700 utraque

237 700 385 749 domo
421 715 573 765 genus
607 701 734 750 idem
771 701 1026 749 hominum
1054 709 1348 761 versaretur,
1377 719 1482 752 rem
1517 711 1797 769 conpertam
1825 705 1886 754 ad
1911 720 1989 754 se·-

177 778 202 818 9
237 778 405 820 natum
444 771 615 830 refert,
648 771 736 820 tela
763 771 811 818 in
837 771 1038 820 domum
1065 771 1217 821 Maelii
1245 774 1467 834 conferri,
1496 789 1703 838 eumque
1729 774 1987 824 contiones

235 841 368 889 domi
403 841 580 890 habere
615 857 668 890 ac
701 855 802 889 non
830 841 975 890 dubia
1000 843 1132 905 regni
1161 844 1358 892 consilia
1386 859 1510 893 esse.
1561 850 1755 908 tempus
1781 844 1991 909 agendae

235 911 302 959 rei
337 912 556 960 nondum
594 918 745 969 stare,
780 917 936 960 cetera
971 912 1063 960 iam
1100 913 1406 971 convenisse,
1443 920 1490 962 et
1513 914 1737 964 tribunos
1762 914 1984 964 mercede

236 987 428 1044 emptos
451 981 507 1029 ad
536 981 839 1045 prodendam
867 981 1136 1031 libertatem
1165 990 1212 1032 et
1237 985 1410 1047 partita
1439 983 1641 1033 ducibus
1669 984 1987 1035 multitudinis
2040 1025 2042 1027 .

235 1051 501 1099 ministeria
534 1067 656 1100 esse.
717 1054 872 1101 serius
906 1068 957 1101 se
993 1067 1167 1116 paene,
1204 1069 1346 1117 quam
1382 1060 1541 1103 tutum
1567 1054 1737 1114 fuerit,
1763 1069 1824 1104 ne
1850 1054 1987 1105 cuius

236 1121 398 1169 incerti
442 1121 642 1185 vanique
676 1129 844 1171 auctor
885 1130 1035 1182 esset,
1073 1139 1125 1172 ea
1159 1124 1361 1174 deferre.
1423 1140 1545 1189 quae
1581 1132 1839 1189 postquam
1875 1132 1990 1174 sunt

234 1191 420 1250 audita,
461 1193 552 1254 [et]
591 1193 801 1257 undique
836 1194 1078 1256 primores
1114 1201 1305 1257 patrum
1341 1201 1387 1243 et
1422 1195 1597 1259 prioris
1625 1195 1736 1244 anni
1764 1195 1988 1245 consules

232 1261 508 1326 increpare,
535 1263 666 1326 quod
693 1279 771 1312 eas
794 1263 1071 1327 largitiones
1094 1271 1358 1329 coetusque
1388 1265 1542 1329 plebis
1564 1268 1612 1314 in
1634 1266 1817 1330 privata
1839 1266 1987 1315 domo

234 1332 365 1396 passi
393 1339 555 1381 essent
581 1333 700 1389 fieri,
727 1341 773 1382 et
798 1349 955 1382 novos
986 1334 1227 1393 consuleS,
1251 1336 1379 1399 quod
1402 1342 1753 1400 expectassent,
1781 1335 1936 1385 donec
1960 1351 1985 1385 a

233 1402 475 1466 praefecto
510 1418 729 1452 annonae
762 1411 890 1452 tanta
926 1419 1002 1452 res
1037 1405 1095 1452 ad
1133 1412 1354 1454 senatum
1391 1406 1682 1465 deferretur,
1718 1421 1839 1470 quae
1865 1420 1988 1456 con-

234 1473 385 1521 sulem
414 1487 513 1521 non
542 1480 787 1522 auctorem
816 1474 974 1522 solum
1002 1474 1295 1524 desideraret
1315 1476 1398 1524 sed
1419 1476 1562 1525 etiam
1584 1476 1836 1525 vindicem.
1881 1482 1986 1525 tum

233 1543 487 1601 Quinctius
523 1544 746 1592 consules
784 1544 1008 1592 inmerito
1037 1545 1277 1609 increpari
1303 1546 1388 1604 ait,
1418 1546 1497 1610 qui
1525 1546 1774 1596 constricti
1801 1545 1986 1610 legibus

234 1613 292 1660 de
334 1613 679 1676 provocatione
720 1614 779 1664 ad
825 1613 1187 1664 dissolvendum
1228 1616 1487 1679 imperium
1527 1616 1633 1666 latis
1681 1631 1988 1681 nequaquam

234 1690 423 1732 tantum
457 1683 630 1733 virium
667 1684 714 1732 in
750 1685 1034 1748 magistratu
1066 1686 1125 1734 ad
1161 1702 1263 1735 eam
1303 1702 1407 1735 rem
1442 1702 1531 1751 pro
1558 1687 1806 1736 atrocitate
1832 1686 1989 1736 vindi-

148 1127 198 1168 10

148 1477 193 1517 11

231 1848 270 1875 m
295 1838 523 1884 incertum,
552 1836 626 1876 auf
651 1838 937 1878 unbestimmte
960 1838 1067 1889 Zeit,

233 1891 299 1941 30,
326 1893 360 1940 1,
389 1893 458 1932 11:
489 1891 678 1948 Scipioni
695 1908 777 1934 von
798 1909 838 1934 ιη
863 1897 1067 1949 temporis

232 1948 308 1988 sed
315 1962 374 1988 ree
380 1949 637 2002 verendae
599 1952 640 2002 s
642 1964 773 1990 nem
778 1955 1065 2004 prorogatum

231 2008 467 2059 imperatam.
490 2028 546 2035 —-
566 2019 608 2045 m
631 2006 696 2046 lzb.
720 2006 808 2046 lznl.
814 2021 877 2056 ,.s
901 2022 934 2047 c.
955 2008 991 2056 7,
1013 2007 1061 2047 12

231 2075 270 2101 u.
293 2074 327 2101 c.
351 2061 401 2100 23
416 2092 426 2112 ,
448 2061 486 2101 3.
507 2085 564 2091 —
584 2066 720 2115 utroq.
742 2077 823 2115 an„
846 2076 1064 2104 ausseror-

229 2117 437 2157 deutliche
489 2117 731 2169 Magistrate
781 2119 946 2159 ko'nnen
996 2118 1065 2160 fiir

228 2173 409 2213 kiirzere
445 2175 526 2213 und
564 2175 733 2225 langere
765 2174 862 2215 Zeit
897 2177 958 2216 als
996 2177 1062 2216 ein

228 2229 328 2268 Jahr
348 2231 531 2280 gewiiblt
554 2232 734 2282 werden,
757 2231 942 2282 s.Lange
964 2231 1061 2272 659.

227 2307 281 2313 —
302 2285 428 2326 Iz'bros
451 2287 500 2336 l.‚
529 2286 576 2326 L.
606 2285 711 2337 folgt
738 2289 840 2328 auch
870 2289 958 2328 hier
978 2289 1060 2328 wol

227 2343 306 2380 wie
330 2356 364 2381 c.
390 2342 433 2394 7,
459 2342 532 2390 123
552 2342 626 2394 23,
650 2343 674 2383 2
698 2357 775 2383 nur
795 2345 869 2384 der
891 2345 1062 2396 Angabe

228 2398 301 2436 des
325 2397 485 2448 Macer,
516 2401 587 2438 hat
608 2399 743 2439 selbst
765 2401 829 2440 die
853 2401 946 2441 libr.
971 2401 1061 2440 lint.

230 2455 341 2493 nicht
384 2456 586 2505 gesehen3
630 2456 680 2494 ob
722 2457 796 2496 der
836 2456 948 2496 Titel
989 2458 1062 2497 des

227 2509 372 2549 Amtes
409 2524 485 2549 nur
517 2513 764 2564 praefectus
806 2525 915 2561 war,
956 2513 1063 2553 liisst

227 2566 311 2604 sich
336 2566 447 2605 nicht
469 2567 696 2606 erkennen.

285 2621 308 2660 8
330 2645 358 2649 -
379 2622 418 2660 9.
460 2623 754 2677 reipublicae,
784 2637 818 2665 3.
848 2637 883 2664 c.
910 2624 980 2674 12,
1012 2624 1059 2674 83

228 2677 311 2717 Cic.
336 2677 446 2717 Sest.
470 2678 544 2726 30,
574 2678 646 2717 66:
673 2683 792 2719 cuius
813 2683 962 2732 negoti
977 2695 1061 2734 pu-

228 2734 369 2773 blici-
391 2737 577 2783 curalz‘03
611 2734 709 2774 Tac.
741 2735 788 2774 Η.
819 2736 857 2782 4,
894 2736 967 2776 40:
997 2738 1061 2776 in-

226 2792 363 2842 signis
389 2790 517 2844 publ
524 2794 601 2830 ica
629 2794 852 2831 severitate
887 2792 977 2831 dies
1008 2807 1061 2832 ne

224 2848 474 2900 privatim
496 2846 661 2900 quidem
682 2847 806 2887 laude
827 2850 981 2888 caruit.
1003 2871 1059 2877 —

225 2902 333 2942 idem
373 2903 483 2943 hom.
502 2935 513 2952 ,
565 2902 939 2944 Getreidehiindler
979 2905 1059 2944 und

225 2957 397 2998 Hauser.
415 2982 469 2988 —
487 2960 626 3011 refert
649 2960 705 2999 ist
727 2966 845 3000 sonst
866 2960 1058 3000 derVor-

225 3019 320 3065 trag
360 3015 432 3054 des
473 3015 806 3068 Vorsitzenden,
854 3017 960 3056 hier:
1013 3030 1060 3056 er

226 3069 365 3120 bringt
387 3084 462 3110 zur
484 3072 686 3124 Sprache,
715 3071 742 3125 ξ
764 3073 789 3112 9
811 3086 848 3112 u.
886 3073 957 3121 10,
990 3072 1056 3125 39,

229 3126 293 3174 14,
317 3126 360 3165 3:
383 3127 568 3180 deser-re,
587 3129 669 3179 vgl.
691 3128 728 3181 2,
747 3128 813 3178 28,
833 3128 871 3168 2.
888 3151 944 3158 —
960 3142 1057 3169 cou-

227 3185 384 3234 tiones,
406 3182 432 3236 ξ
458 3184 528 3223 10:
553 3189 696 3225 coetus
713 3217 723 3235 ,
745 3186 828 3236 vgl.
851 3185 899 3235 2,
923 3184 988 3235 28,
1012 3186 1058 3234 43

227 3238 278 3277 ib.
312 3238 387 3289 32,
421 3241 465 3288 13
504 3240 551 3293 3,
587 3241 952 3295 48,1;39,15,
991 3241 1063 3282 ll:

1157 1843 1339 1881 maiores
1365 1843 1500 1881 vestri
1524 1854 1576 1881 ue
1596 1853 1668 1880 vos
1690 1838 1872 1893 quidem,
1905 1841 1992 1880 nisi

1157 1909 1252 1936 cnm
1285 1920 1314 1925 -
1348 1896 1499 1950 aliquis
1546 1911 1602 1937 eoe
1641 1897 1986 1949 magistrati-

1158 1955 1248 1993 bus
1279 1953 1334 1993 ad
1362 1955 1599 1993 contionem
1625 1955 1836 2004 vocasset,
1857 1953 1990 2006 sorte

1156 2012 1313 2050 temere
1340 2014 1451 2050 coire
1478 2009 1712 2050 voluerunt.
1735 2032 1790 2038 —-
1808 2011 1987 2064 partita,

1154 2066 1237 2116 vgl.
1261 2065 1361 2105 Sall.
1386 2065 1430 2105 C.
1454 2065 1529 2117 43,
1559 2065 1603 2104 2:
1626 2065 1774 2105 divisa.
1794 2087 1851 2094 ——
1870 2064 1989 2106 duci-

1155 2123 1243 2172 bus,
1265 2122 1536 2162 verschiedeu
1558 2135 1638 2161 von
1661 2122 1739 2161 den
1761 2121 1987 2162 Tribunen.

1152 2200 1207 2206 —
1228 2192 1280 2218 ne
1301 2181 1421 2219 cuius
1442 2180 1537 2226 inc„
1559 2180 1638 2218 wie
1661 2178 1725 2217 ein
1748 2177 1926 2231 Adject.,
1946 2176 1985 2224 2,

1156 2234 1188 2286 1,
1213 2233 1249 2285 3,
1273 2247 1318 2274 so
1341 2234 1448 2274 kann
1471 2235 1572 2274 auch
1596 2234 1659 2274 ein
1682 2232 1910 2274 Pronomen
1934 2246 1986 2273 zu

1154 2292 1286 2330 einem
1323 2291 1669 2330 substantivirten
1696 2290 1862 2341 Adject.
1898 2295 1989 2330 tre-

1154 2352 1238 2391 ten,
1269 2360 1302 2386 s.
1328 2347 1363 2394 1,
1386 2346 1452 2393 29,
1483 2346 1532 2394 33
1556 2345 1595 2395 2,
1621 2346 1685 2395 11,
1715 2345 1761 2394 4;
1785 2344 1823 2395 3,
1850 2345 1914 2396 14,
1936 2345 1984 2394 43

1154 2402 1200 2454 8,
1242 2402 1312 2452 10,
1353 2401 1421 2441 13;
1452 2415 1585 2454 neque
1610 2414 1737 2441 suum
1757 2415 1890 2454 neque
1905 2414 1987 2457 pu-

1154 2459 1305 2498 blicnm
1326 2457 1532 2506 dit-iuum3
1557 2457 1632 2506 23,
1662 2458 1737 2508 49,
1768 2457 1812 2496 2:
1837 2471 1883 2499 eo
1903 2471 1986 2512 pu·-

1153 2514 1269 2554 buco.

1213 2570 1311 2609 10-
1337 2569 1399 2609 11.
1439 2569 1628 2623 widh-q
1649 2573 1888 2624 increpare,
1919 2570 1984 2610 dio

1153 2625 1432 2665 hds.Lesa1-t
1468 2630 1508 2666 et
1542 2625 1667 2679 uudeq
1670 2639 1770 2666 ue—
1789 2638 1985 2680 increpa-

1152 2685 1248 2722 rent
1277 2681 1438 2721 erkl'a'rt
1470 2682 1581 2722 Wex
1611 2695 1662 2722 zu
1691 2681 1788 2722 Tac.
1811 2681 1913 2733 Agr.
1944 2695 1982 2735 p.

1151 2737 1224 2776 33:
1248 2740 1394 2791 quihus
1417 2739 1575 2779 auditu
1596 2751 1690 2778 cum
1714 2737 1899 2791 undique
1917 2751 1986 2778 tn-

1150 2808 1324 2848 crepmw
1304 2798 1394 2842 επις
1418 2795 1603 2845 obgleich
1625 2794 1725 2834 aber
1745 2795 1819 2834 der
1835 2793 1983 2834 Modus

1150 2852 1250 2890 nach
1280 2852 1395 2890 einer
1417 2850 1601 2891 Partikel
1628 2850 1833 2891 wechseln
1861 2849 1981 2899 kann,

1150 2920 1182 2946 3.
1207 2921 1255 2945 zu
1280 2907 1345 2954 3⁰,
1370 2908 1435 2955 44,
1468 2907 1531 2957 10,
1554 2907 1633 2947 und
1653 2909 1875 2961 postquam
1897 2904 1980 2945 bis-

1148 2964 1296 3002 weilen
1321 2964 1397 3002 den
1409 2962 1654 3014 Conjunctiv
1671 2963 1770 3002 nach
1794 2962 1880 3001 sich
1902 2961 1982 3014 hat,

1151 3033 1182 3058 3.
1209 3033 1257 3058 zu
1283 3019 1357 3068 22,
1392 3019 1435 3068 1,
1466 3019 1511 3071 2,
1542 3032 1587 3058 so
1618 3019 1673 3058 ist
1700 3018 1802 3058 doch
1833 3030 1884 3057 zu
1906 3016 1978 3057 be-

1150 3074 1356 3124 zweiseln‚
1379 3077 1474 3115 dass
1491 3075 1535 3115 L.
1556 3075 1674 3115 beide
1695 3074 1857 3113 seltene
1873 3071 1980 3113 con-

1148 3133 1404 3172 structionen
1426 3132 1464 3171 in
1487 3133 1618 3172 einem
1629 3130 1755 3171 Satze
1777 3129 1982 3181 vereinigt

1151 3189 1267 3228 habe.
1292 3211 1340 3217 -
1366 3192 1525 3229 auctor.
1554 3187 1610 3227 ist
1636 3199 1710 3226 aus
1732 3185 1980 3239 deferretur

1150 3257 1201 3284 zu
1224 3245 1439 3285 erkl'aren:
1461 3245 1536 3285 der
1551 3243 1732 3284 welcher
1747 3245 1837 3282 eine
1848 3240 1979 3282 Sncbe
