2221 3537
111 292 135 321 μ
167 283 237 319 ch,
261 284 339 317 θοι,
742 271 900 313 [ABER
923 271 974 312 V.
1026 271 1142 312 CAP.
1164 272 1233 311 36.
1778 273 1879 323 333

256 398 384 449 Mitis
422 398 619 462 legatio,
659 398 708 446 ni
745 399 1050 463 praeferoces
1077 397 1258 461 legatos
1288 399 1527 463 Gallisque
1556 400 1706 464 magis
1734 416 1877 465 quam
1912 401 1978 450 36

114 469 351 521 Romanis
371 468 553 518 similes
575 468 837 518 habuisset.
882 468 1072 533 quibus,
1094 476 1355 532 postquam
1380 471 1603 519 mandata
1623 471 1882 521 ediderunt

115 542 167 591 in
193 539 397 590 concilio
424 538 695 596 Gallorum,
732 540 874 588 datur
899 554 1219 603 responsum:
1257 539 1344 586 etsi
1373 555 1553 589 novum
1581 556 1763 590 nomen
1792 558 1878 590 au-

113 610 247 661 diant
270 608 625 666 Romanorum,
656 617 815 659 tamen
842 609 1036 658 credere
1064 609 1195 657 viros
1222 609 1372 657 fortes
1399 626 1522 665 esse,
1553 627 1761 674 quorum
1790 628 1878 661 au-

110 680 278 730 xilium
305 694 332 729 a
357 678 567 729 Clusinis
597 679 645 728 in
673 695 724 728 re
751 680 935 744 trepida
963 679 1026 728 sit
1054 678 1364 743 inploratum.
1416 687 1464 727 et
1490 684 1721 744 quoniam
1750 683 1877 745 lega-

109 750 243 801 tione
262 749 495 800 adversus
516 766 570 799 se
590 750 846 799 maluerint
865 765 1010 814 quam
1033 750 1179 798 armis
1200 749 1322 798 tueri
1336 751 1517 807 sociOS,
1540 766 1599 799 ne
1616 768 1669 800 se
1683 753 1878 815 quidem

111 836 297 886 pacem,
311 836 456 886 quam
477 821 538 870 illi
553 821 785 877 adferant,
803 820 1066 885 aspernari,
1089 821 1128 869 si
1146 820 1289 869 Gallis
1307 820 1561 883 egentibus
1579 838 1713 885 agro,
1736 838 1878 885 quem

109 891 253 942 latius
279 892 565 956 possideant
592 906 734 955 quam
763 891 925 941 colant
951 891 1146 950 Clusini,
1173 898 1357 955 partem
1388 892 1558 941 finium
1586 894 1878 951 concedan13

110 962 245 1011 aliter
271 977 438 1026 pacem
467 962 715 1026 impetrari
738 977 837 1010 non
860 978 1022 1026 posse.
1067 969 1114 1011 et
1134 977 1430 1026 responsum
1454 978 1618 1012 coram
1643 963 1877 1012 Romanis

109 1032 326 1097 accipere
361 1033 475 1082 velle
510 1040 577 1093 et,
613 1033 653 1081 si
690 1040 891 1096 negetur
927 1048 1062 1096 ager,
1099 1048 1262 1082 coram
1291 1033 1444 1081 isdem
1473 1033 1706 1082 Romanis
1735 1035 1878 1083 dimi-

110 1109 322 1161 caturos,
346 1110 402 1153 ut
426 1103 648 1152 nuntiare
675 1104 875 1152 domum
903 1111 1121 1167 possent,
1150 1112 1383 1167 quantum
1407 1102 1523 1152 Galli
1552 1105 1724 1154 virtute
1752 1113 1879 1155 cete-

107 1189 193 1223 ros
227 1174 457 1223 mortales
492 1180 807 1238 praestarent.
859 1174 1104 1238 quodnam
1138 1174 1183 1222 id
1212 1174 1286 1222 ius
1314 1181 1469 1230 esset,
1508 1191 1677 1238 agrum
1706 1191 1730 1224 a
1759 1191 1878 1240 pos-

107 1243 389 1293 sessoribus
410 1252 574 1309 petere
593 1251 675 1293 aut
695 1244 868 1293 minari
889 1259 1037 1302 arma,
1057 1244 1292 1293 Romanis
1315 1245 1673 1307 quaerentibus,
1696 1253 1744 1294 et
1764 1247 1877 1310 quid

107 1313 156 1363 in
176 1314 367 1362 Etruria
394 1314 461 1362 rei
483 1314 626 1362 Gallis
654 1320 800 1372 esset,
830 1329 939 1362 cum
970 1314 1034 1362 illi
1062 1330 1114 1362 se
1139 1314 1188 1362 in
1215 1315 1363 1362 armis
1391 1315 1464 1363 ius
1490 1314 1616 1363 ferre
1644 1323 1690 1363 et
1716 1317 1880 1364 omnia

105 1383 310 1434 fortium
336 1383 550 1433 virorum
572 1399 679 1434 esse
699 1384 926 1433 ferociter
945 1384 1176 1441 dicerent,
1203 1386 1420 1433 accensis
1442 1384 1684 1450 utrimque
1704 1386 1878 1435 animis

66 1465 76 1473 ·
108 1454 168 1504 ad
194 1469 329 1504 arma
355 1455 640 1504 discurritur
666 1461 712 1503 et
737 1454 975 1519 proelium
1004 1456 1294 1504 conseritur.
1346 1455 1435 1514 ibi,
1473 1456 1566 1504 iam
1595 1457 1878 1520 urgentibus

109 1524 383 1575 Romanam
416 1525 590 1575 urbem
622 1525 757 1582 fatis,
796 1525 934 1589 legati
962 1533 1129 1574 contra
1158 1525 1232 1574 ius
1260 1527 1477 1588 gentium
1506 1542 1638 1575 arma
1666 1528 1877 1591 capiunt.

108 1610 200 1645 nec
235 1596 282 1646 id
321 1596 441 1645 clam
469 1612 578 1645 esse
605 1596 786 1661 potuit,
825 1611 933 1645 cum
963 1603 1072 1645 ante
1098 1597 1235 1659 signa
1264 1597 1581 1646 Etruscorum
1610 1605 1707 1646 tres
1735 1598 1877 1647 nobi—

107 1666 282 1716 lissimi
301 1666 653 1730 fortissimique
674 1668 923 1715 Romanae
943 1667 1204 1715 iuventutis
1227 1674 1520 1731 pugnarent:
1544 1675 1732 1717 tantum
1755 1671 1877 1718 emi-

107 1736 253 1786 nebat
277 1737 530 1802 peregrina
557 1738 724 1786 virtus.
771 1739 887 1801 quin
915 1738 1058 1786 etiam
1081 1738 1135 1796 Q.
1157 1738 1334 1786 Fabius
1358 1746 1550 1787 evectus
1573 1746 1704 1788 extra
1727 1741 1876 1789 aciem

107 1823 234 1872 equo
262 1807 437 1857 ducem
459 1808 721 1866 Gallorum,
746 1807 974 1857 ferociter
1000 1808 1047 1856 in
1076 1809 1181 1872 ipsa
1208 1809 1345 1872 signa
1369 1810 1686 1858 Etruscorum
1715 1810 1879 1860 incur-

106 1884 311 1937 santem,
336 1895 424 1943 per
449 1879 572 1928 latus
599 1879 886 1928 transfixum
913 1879 1050 1928 hasta
1079 1880 1278 1938 occidit;
1306 1880 1558 1944 spoliaque
1585 1881 1687 1930 eius
1716 1881 1877 1946 legen-

104 1955 205 1999 tem
233 1948 348 1998 Galli
376 1964 628 2014 agnovere,
657 1965 839 2014 perque
864 1955 1016 1998 totam
1046 1950 1198 1998 aciem
1227 1951 1503 1999 Romanum
1531 1951 1741 2014 legatum
1770 1968 1879 2001 esse

107 2019 301 2083 signum
334 2020 501 2070 datum
536 2028 624 2070 est.
677 2021 858 2069 omissa
895 2020 1005 2069 inde
1031 2020 1080 2069 in
1109 2021 1333 2070 Clusinos
1362 2022 1429 2070 ira
1455 2023 1671 2085 receptui
1699 2032 1878 2072 canunt

106 2091 348 2141 minantes
376 2091 626 2141 Romanis,
680 2098 819 2140 erant
850 2092 930 2156 qui
958 2092 1199 2156 extemplo
1228 2092 1434 2141 Romam
1465 2093 1682 2141 eundum
1711 2108 1882 2142 cense-

107 2167 240 2211 rent:
273 2161 428 2211 vicere
456 2162 690 2220 senioreS,
715 2169 768 2211 ut
787 2162 926 2226 legati
948 2163 1083 2226 prius
1106 2163 1412 2212 mitterentur
1433 2170 1657 2228 questum
1682 2164 1882 2214 iniurias

166 2278 251 2328 36.
303 2287 411 2327 1-5.
455 2291 592 2340 mitis,
622 2301 673 2328 an
705 2288 791 2327 sich
821 2286 950 2327 fried-

109 2343 206 2397 licb,
226 2343 349 2392 aber,
374 2357 408 2384 s.
430 2344 497 2392 21,
523 2345 561 2392 5,
589 2345 664 2390 11;
688 2344 754 2395 40,
777 2343 816 2396 6,
838 2344 885 2391 43
909 2343 947 2393 3,

109 2399 183 2450 60,
206 2400 245 2451 8,
267 2400 371 2440 iiber
390 2403 436 2440 ni
456 2401 502 2449 2,
526 2400 601 2448 22,
623 2401 657 2441 1.
681 2423 737 2429 —
758 2400 946 2451 concilio,

109 2457 202 2497 eine
231 2457 549 2508 Versammluug
577 2458 652 2497 der
681 2456 947 2510 Hauptlinge.

107 2526 302 2610 {3⁶de
318 2513 949 2620 {²:354tsssssszzzffnffffg‘zz'zff

108 2625 314 2678 gedriickt
337 2626 404 2666 ist.
420 2649 476 2656 —
490 2639 599 2678 agro
618 2627 672 2667 ist
689 2626 803 2666 Laud
822 2627 947 2666 iiber-

110 2683 258 2736 haupt3
289 2682 391 2722 aber
421 2681 494 2721 das
525 2695 575 2721 zu
605 2696 728 2736 quem
755 2706 782 2712 -
810 2683 948 2724 colant

109 2752 163 2780 zn
184 2738 397 2780 denkende
418 2751 575 2791 agrum
592 2739 758 2779 beziebt
778 2741 862 2780 sicb
879 2739 954 2780 auf

110 2796 184 2836 das
201 2796 279 2836 den
297 2794 518 2836 Clusinern
537 2795 948 2846 gebo‘rendeGebiet.

101 2853 264 2906 finium
302 2852 358 2892 ist
395 2851 685 2903 hinzugeffigt‚
718 2852 781 2891 als
817 2853 868 2891 ob
903 2866 949 2893 es

111 2909 272 2948 hiesse:
303 2912 344 2949 si
371 2907 549 2957 Clusini,
586 2922 682 2949 cum
711 2910 898 2960 (agrum)
921 2933 950 2940 -

107 2964 380 3021 possideant,
421 2963 550 3005 Gallis
586 2978 695 3018 agro
727 2967 949 3016 egentibus

109 3025 280 3076 partem
306 3022 469 3075 finium
506 3027 585 3060 etc.
636 3021 723 3061 Zur
752 3022 883 3062 Sache
913 3035 947 3062 s.

115 3077 188 3128 10,
219 3078 290 3130 10,
322 3078 393 3125 1ος
426 3091 476 3116 zu
507 3079 582 3117 der
611 3078 806 3118 Antwort
827 3078 948 3118 Caes.

112 3133 157 3174 B.
179 3132 229 3174 G.
257 3134 293 3183 1,
320 3134 384 3174 13.
407 3157 459 3163 -
485 3134 607 3188 quod.
626 3159 652 3164 —
673 3138 797 3184 esset,
820 3134 858 3184 3,
882 3134 949 3185 20,

112 3189 160 3235 2,
184 3190 224 3240 4,
245 3191 314 3240 44,
336 3191 376 3230 4.

169 3245 210 3287 6.
241 3248 504 3300 urgentibus,
527 3261 564 3288 c.
583 3246 649 3295 22,
672 3247 710 3287 8.
734 3270 787 3276 -
803 3253 953 3289 contra

112 3305 141 3343 i.
157 3316 221 3357 gx,
241 3304 307 3344 die
328 3317 476 3355 grosse
500 3304 749 3355 Niederlage
771 3304 846 3345 der
866 3303 951 3345 Ro·-

1041 2301 1130 2328 mer
1172 2301 1286 2328 muss
1324 2289 1452 2328 durch
1491 2290 1583 2328 eine
1622 2289 1883 2340 Verletzung

1039 2346 1112 2385 des
1132 2345 1351 2395 heiligsten
1372 2345 1552 2385 Recbtes
1572 2345 1884 2396 berbeigestihrt

1040 2403 1232 2451 werden,
1262 2415 1296 2441 s,
1328 2415 1362 2441 c.
1395 2401 1470 2451 37,
1494 2402 1544 2443 2:
1577 2403 1677 2442 nach
1703 2403 1820 2443 Diod.
1845 2417 1881 2444 c,

1043 2458 1121 2497 113
1170 2459 1338 2498 werden
1389 2459 1454 2498 die
1498 2458 1735 2499 Gesandten
1781 2461 1882 2500 nach

1042 2515 1240 2554 Etrurien
1292 2515 1517 2566 geschickt,
1573 2529 1650 2555 nur
1698 2529 1764 2556 um
1816 2517 1882 2556 die

1041 2571 1180 2611 Macbt
1197 2572 1271 2611 der
1283 2571 1445 2611 Gallier
1463 2571 1623 2611 kennen
1643 2586 1694 2611 zu
1712 2573 1881 2620 lernen3

1040 2628 1188 2681 Polyb.
1223 2629 1412 2668 erwiihnt
1453 2629 1518 2668 die
1561 2629 1884 2670 Gesandtschast

1041 2685 1164 2725 nicht.
1189 2708 1244 2714 —
1266 2685 1372 2725 clam
1393 2699 1487 2726 ess-e
1503 2686 1582 2725 wie
1605 2689 1776 2740 impune
1792 2700 1884 2726 esse

1042 2754 1080 2781 u.
1111 2754 1149 2781 a.
1178 2764 1234 2770 —
1257 2745 1444 2792 tantum,
1468 2739 1598 2796 praef.
1627 2743 1698 2783 11:
1723 2743 1789 2791 22,
1813 2743 1881 2790 27,

1042 2798 1086 2838 4:
1118 2801 1284 2839 tantum
1313 2812 1437 2839 suam
1453 2799 1715 2851 felicitatem
1746 2801 1884 2839 enitu-

1040 2857 1139 2896 isse.
1161 2877 1217 2885 —
1236 2859 1479 2910 peregrina,
1504 2856 1550 2905 2,
1575 2855 1643 2904 30,
1671 2855 1713 2902 1;
1738 2855 1789 2894 ib.
1814 2855 1882 2906 64,

1100 3024 1210 3063 7-9.
1271 3027 1443 3075 signum
1494 3024 1597 3064 wird
1646 3025 1750 3064 auch
1802 3037 1879 3064 von

1041 3081 1245 3120 miindlicb
1288 3081 1527 3129 gegebenen
1567 3078 1762 3120 Beseblen
1800 3083 1879 3122 und

1042 3138 1256 3187 Anzeigen
1274 3137 1514 3186 gebraucht,
1533 3136 1572 3185 2,
1595 3136 1662 3187 20,
1685 3138 1731 3185 53
1756 3137 1795 3187 6,
1817 3138 1879 3188 13,

1042 3193 1091 3235 4;
1117 3193 1190 3238 21,
1229 3194 1290 3241 14,
1316 3193 1358 3231 2:
1383 3206 1477 3233 cum
1497 3197 1669 3246 signum
1692 3196 1879 3248 impera-

1044 3252 1131 3290 tori
1155 3249 1364 3300 dedisset,
1393 3249 1601 3291 nudatum
1622 3253 1881 3292 stationibus

1039 3329 1065 3335 -
1094 3320 1186 3346 esse
1222 3308 1382 3347 urbem.
1416 3329 1471 3337 —·
1499 3310 1712 3359 seniores,
1749 3320 1782 3348 s.
1810 3307 1878 3355 21,

1916 549 1939 588 2

1916 692 1940 731 3

2180 468 2193 477 ἱ

2212 426 2221 1287 ιι--ᾳᾉ-ψ-ᾼ-
