<?xml version="1.0" encoding="UTF-8"?>
<!DOCTYPE html PUBLIC "-//W3C//DTD XHTML 1.0 Transitional//EN"
    "http://www.w3.org/TR/xhtml1/DTD/xhtml1-transitional.dtd">
<html xmlns="http://www.w3.org/1999/xhtml" xml:lang="en" lang="en">
 <head>
  <title>
</title>
<meta http-equiv="Content-Type" content="text/html;charset=utf-8" />
  <meta name='ocr-system' content='tesseract 3.04.00' />
  <meta name='ocr-capabilities' content='ocr_page ocr_carea ocr_par ocr_line ocrx_word'/>
</head>
<body>
  <div class='ocr_page' id='page_1' title='image "./aburbeconditali01livy_0300.png"; bbox 0 0 2221 3537; ppageno 0'>
   <div class='ocr_carea' id='block_1_1' title="bbox 182 371 667 424">
    <p class='ocr_par' dir='ltr' id='par_1_1' title="bbox 182 371 667 424">
     <span class='ocr_line' id='line_1_1' title="bbox 182 371 667 424; baseline -0.012 0"><span class='ocrx_word' id='word_1_1' title='bbox 182 383 234 424; x_wconf 88' lang='lat'>13</span> <span class='ocrx_word' id='word_1_2' title='bbox 267 374 377 423; x_wconf 89' lang='lat' dir='ltr'>dam</span> <span class='ocrx_word' id='word_1_3' title='bbox 416 371 667 422; x_wconf 79' lang='lat' dir='ltr'>invidiam.</span> 
     </span>
    </p>
   </div>
   <div class='ocr_carea' id='block_1_2' title="bbox 174 659 243 705">
    <p class='ocr_par' dir='ltr' id='par_1_2' title="bbox 174 659 243 705">
     <span class='ocr_line' id='line_1_2' title="bbox 174 659 243 705; baseline 0 0"><span class='ocrx_word' id='word_1_4' title='bbox 174 659 243 705; x_wconf 78' lang='lat'>28</span> 
     </span>
    </p>
   </div>
   <div class='ocr_carea' id='block_1_3' title="bbox 269 176 375 230">
    <p class='ocr_par' dir='ltr' id='par_1_3' title="bbox 269 176 375 230">
     <span class='ocr_line' id='line_1_3' title="bbox 269 176 375 230; baseline -0.038 -1"><span class='ocrx_word' id='word_1_5' title='bbox 269 176 375 230; x_wconf 80' lang='lat'>276</span> 
     </span>
    </p>
   </div>
   <div class='ocr_carea' id='block_1_4' title="bbox 871 167 1435 214">
    <p class='ocr_par' dir='ltr' id='par_1_4' title="bbox 871 167 1435 214">
     <span class='ocr_line' id='line_1_4' title="bbox 871 167 1435 214; baseline -0.002 -4"><span class='ocrx_word' id='word_1_6' title='bbox 871 167 1029 211; x_wconf 82' lang='lat' dir='ltr'><strong>LIBER</strong></span> <span class='ocrx_word' id='word_1_7' title='bbox 1049 168 1097 210; x_wconf 85' lang='grc' dir='ltr'>ΙΙ.</span> <span class='ocrx_word' id='word_1_8' title='bbox 1147 168 1260 214; x_wconf 79' lang='lat' dir='ltr'>CAP.</span> <span class='ocrx_word' id='word_1_9' title='bbox 1277 169 1346 210; x_wconf 76' lang='lat'>27.</span> <span class='ocrx_word' id='word_1_10' title='bbox 1371 168 1435 210; x_wconf 82' lang='lat'>28.</span> 
     </span>
    </p>
   </div>
   <div class='ocr_carea' id='block_1_5' title="bbox 1941 0 2159 55">
    <p class='ocr_par' dir='ltr' id='par_1_5' title="bbox 1883 0 2159 55">
     <span class='ocr_line' id='line_1_5' title="bbox 1946 0 2140 36; baseline 0.016 -5.019"><span class='ocrx_word' id='word_1_11' title='bbox 1946 0 2140 36; x_wconf 47' lang='lat' dir='ltr'>{1⁷253&#39;dss‘3‘2</span> 
     </span>
     <span class='ocr_line' id='line_1_6' title="bbox 1941 38 2159 55; baseline 0 -3"><span class='ocrx_word' id='word_1_12' title='bbox 1941 49 1947 52; x_wconf 90' lang='lat'>.</span> <span class='ocrx_word' id='word_1_13' title='bbox 2023 39 2039 48; x_wconf 91' lang='grc'>·”</span> <span class='ocrx_word' id='word_1_14' title='bbox 2099 51 2106 55; x_wconf 78' lang='grc'>,</span> <span class='ocrx_word' id='word_1_15' title='bbox 2152 38 2159 52; x_wconf 82' lang='lat'>-¹</span> 
     </span>
    </p>
   </div>
   <div class='ocr_carea' id='block_1_6' title="bbox 1844 179 2039 214">
    <p class='ocr_par' dir='ltr' id='par_1_6' title="bbox 1844 179 2039 214">
     <span class='ocr_line' id='line_1_7' title="bbox 1844 179 2039 214; baseline 0.01 -2"><span class='ocrx_word' id='word_1_16' title='bbox 1844 188 1875 212; x_wconf 64' lang='grc' dir='ltr'>ι</span> <span class='ocrx_word' id='word_1_17' title='bbox 1898 189 1935 212; x_wconf 87' lang='lat' dir='ltr'>u.</span> <span class='ocrx_word' id='word_1_18' title='bbox 1958 179 2039 214; x_wconf 74' lang='lat'>260·</span> 
     </span>
    </p>
   </div>
   <div class='ocr_carea' id='block_1_7' title="bbox 265 296 2028 368">
    <p class='ocr_par' dir='ltr' id='par_1_7' title="bbox 265 296 2028 368">
     <span class='ocr_line' id='line_1_8' title="bbox 265 296 2028 368; baseline -0.002 -16"><span class='ocrx_word' id='word_1_19' title='bbox 265 318 387 368; x_wconf 87' lang='lat' dir='ltr'>pum</span> <span class='ocrx_word' id='word_1_20' title='bbox 413 317 558 366; x_wconf 77' lang='lat' dir='ltr'>quam</span> <span class='ocrx_word' id='word_1_21' title='bbox 585 299 755 365; x_wconf 87' lang='lat' dir='ltr'>populi</span> <span class='ocrx_word' id='word_1_22' title='bbox 780 298 1021 348; x_wconf 83' lang='lat' dir='ltr'>clamore:</span> <span class='ocrx_word' id='word_1_23' title='bbox 1050 296 1167 347; x_wconf 89' lang='lat' dir='ltr'>adeo</span> <span class='ocrx_word' id='word_1_24' title='bbox 1195 304 1483 361; x_wconf 84' lang='lat' dir='ltr'>supererant</span> <span class='ocrx_word' id='word_1_25' title='bbox 1505 300 1658 350; x_wconf 87' lang='lat' dir='ltr'>animi</span> <span class='ocrx_word' id='word_1_26' title='bbox 1683 299 1744 351; x_wconf 89' lang='lat' dir='ltr'>ad</span> <span class='ocrx_word' id='word_1_27' title='bbox 1770 297 2028 348; x_wconf 82' lang='lat' dir='ltr'>sustinen-</span> 
     </span>
    </p>
   </div>
   <div class='ocr_carea' id='block_1_8' title="bbox 732 367 2038 421">
    <p class='ocr_par' dir='ltr' id='par_1_8' title="bbox 732 367 2038 421">
     <span class='ocr_line' id='line_1_9' title="bbox 732 367 2038 421; baseline 0.002 -2"><span class='ocrx_word' id='word_1_28' title='bbox 732 385 950 420; x_wconf 87' lang='lat' dir='ltr'>crescere</span> <span class='ocrx_word' id='word_1_29' title='bbox 988 368 1104 417; x_wconf 84' lang='lat' dir='ltr'>inde</span> <span class='ocrx_word' id='word_1_30' title='bbox 1143 368 1324 416; x_wconf 88' lang='lat' dir='ltr'>malum</span> <span class='ocrx_word' id='word_1_31' title='bbox 1362 367 1415 416; x_wconf 91' lang='lat' dir='ltr'>in</span> <span class='ocrx_word' id='word_1_32' title='bbox 1453 368 1558 418; x_wconf 88' lang='lat' dir='ltr'>dies</span> <span class='ocrx_word' id='word_1_33' title='bbox 1596 387 1696 421; x_wconf 91' lang='lat' dir='ltr'>non</span> <span class='ocrx_word' id='word_1_34' title='bbox 1736 367 2038 421; x_wconf 76' lang='lat' dir='ltr'>clamoribus</span> 
     </span>
    </p>
   </div>
   <div class='ocr_carea' id='block_1_9' title="bbox 208 437 2041 1350">
    <p class='ocr_par' dir='ltr' id='par_1_9' title="bbox 264 437 2038 647">
     <span class='ocr_line' id='line_1_10' title="bbox 264 437 2038 506; baseline -0.003 -14"><span class='ocrx_word' id='word_1_35' title='bbox 264 443 414 493; x_wconf 88' lang='lat' dir='ltr'>modo</span> <span class='ocrx_word' id='word_1_36' title='bbox 439 442 622 506; x_wconf 85' lang='lat' dir='ltr'>apertis</span> <span class='ocrx_word' id='word_1_37' title='bbox 650 441 752 497; x_wconf 85' lang='lat' dir='ltr'>sed,</span> <span class='ocrx_word' id='word_1_38' title='bbox 781 440 912 504; x_wconf 91' lang='lat' dir='ltr'>quod</span> <span class='ocrx_word' id='word_1_39' title='bbox 941 439 1093 487; x_wconf 86' lang='lat' dir='ltr'>multo</span> <span class='ocrx_word' id='word_1_40' title='bbox 1121 437 1446 501; x_wconf 80' lang='lat' dir='ltr'>perniciosius</span> <span class='ocrx_word' id='word_1_41' title='bbox 1473 448 1600 500; x_wconf 87' lang='lat' dir='ltr'>erat,</span> <span class='ocrx_word' id='word_1_42' title='bbox 1633 440 1912 492; x_wconf 83' lang='lat' dir='ltr'>secessione</span> <span class='ocrx_word' id='word_1_43' title='bbox 1951 453 2038 487; x_wconf 89' lang='lat' dir='ltr'>oc-</span> 
     </span>
     <span class='ocr_line' id='line_1_11' title="bbox 266 508 2038 577; baseline 0.002 -15"><span class='ocrx_word' id='word_1_44' title='bbox 266 514 508 577; x_wconf 82' lang='lat' dir='ltr'>cultisque</span> <span class='ocrx_word' id='word_1_45' title='bbox 551 511 845 576; x_wconf 83' lang='lat' dir='ltr'>conloquiis.</span> <span class='ocrx_word' id='word_1_46' title='bbox 907 509 1109 558; x_wconf 88' lang='lat' dir='ltr'>tandem</span> <span class='ocrx_word' id='word_1_47' title='bbox 1147 508 1290 557; x_wconf 90' lang='lat' dir='ltr'>invisi</span> <span class='ocrx_word' id='word_1_48' title='bbox 1328 508 1456 571; x_wconf 80' lang='lat' dir='ltr'>plebi</span> <span class='ocrx_word' id='word_1_49' title='bbox 1494 514 1722 562; x_wconf 88' lang='lat' dir='ltr'>consules</span> <span class='ocrx_word' id='word_1_50' title='bbox 1751 510 2038 575; x_wconf 81' lang='lat' dir='ltr'>magistratu</span> 
     </span>
     <span class='ocr_line' id='line_1_12' title="bbox 270 579 1788 647; baseline -0.002 -13"><span class='ocrx_word' id='word_1_51' title='bbox 270 585 472 643; x_wconf 85' lang='lat' dir='ltr'>abeunt,</span> <span class='ocrx_word' id='word_1_52' title='bbox 501 583 735 633; x_wconf 86' lang='lat' dir='ltr'>Servilius</span> <span class='ocrx_word' id='word_1_53' title='bbox 759 579 968 635; x_wconf 81' lang='lat' dir='ltr'>neutris,</span> <span class='ocrx_word' id='word_1_54' title='bbox 996 579 1182 642; x_wconf 84' lang='lat' dir='ltr'>Appius</span> <span class='ocrx_word' id='word_1_55' title='bbox 1209 579 1430 647; x_wconf 73' lang='lat' dir='ltr'>patribus</span> <span class='ocrx_word' id='word_1_56' title='bbox 1457 582 1578 631; x_wconf 85' lang='lat' dir='ltr'>mire</span> <span class='ocrx_word' id='word_1_57' title='bbox 1604 592 1788 646; x_wconf 77' lang='lat' dir='ltr'>gratus·</span> 
     </span>
    </p>

    <p class='ocr_par' dir='ltr' id='par_1_10' title="bbox 208 649 2041 1350">
     <span class='ocr_line' id='line_1_13' title="bbox 412 649 2036 718; baseline 0.001 -16"><span class='ocrx_word' id='word_1_58' title='bbox 412 659 466 702; x_wconf 80' lang='grc' dir='ltr'>Α.</span> <span class='ocrx_word' id='word_1_59' title='bbox 506 653 762 718; x_wconf 75' lang='lat' dir='ltr'>Verginius</span> <span class='ocrx_word' id='word_1_60' title='bbox 800 652 913 699; x_wconf 87' lang='lat' dir='ltr'>inde</span> <span class='ocrx_word' id='word_1_61' title='bbox 950 658 999 699; x_wconf 90' lang='lat' dir='ltr'>et</span> <span class='ocrx_word' id='word_1_62' title='bbox 1028 649 1082 697; x_wconf 91' lang='lat' dir='ltr'>T.</span> <span class='ocrx_word' id='word_1_63' title='bbox 1112 650 1340 699; x_wconf 76' lang='lat' dir='ltr'>Vetusius</span> <span class='ocrx_word' id='word_1_64' title='bbox 1367 652 1673 703; x_wconf 87' lang='lat' dir='ltr'>consulatum</span> <span class='ocrx_word' id='word_1_65' title='bbox 1700 655 1890 703; x_wconf 86' lang='lat' dir='ltr'>ineunt.</span> <span class='ocrx_word' id='word_1_66' title='bbox 1928 657 2036 704; x_wconf 85' lang='lat' dir='ltr'>tum</span> 
     </span>
     <span class='ocr_line' id='line_1_14' title="bbox 268 720 2039 790; baseline -0.002 -16"><span class='ocrx_word' id='word_1_67' title='bbox 268 741 387 776; x_wconf 78' lang='lat' dir='ltr'>vero</span> <span class='ocrx_word' id='word_1_68' title='bbox 411 725 549 790; x_wconf 80' lang='lat' dir='ltr'>plebs</span> <span class='ocrx_word' id='word_1_69' title='bbox 568 725 767 780; x_wconf 78' lang='lat' dir='ltr'>incerta,</span> <span class='ocrx_word' id='word_1_70' title='bbox 790 722 956 786; x_wconf 85' lang='lat' dir='ltr'>quales</span> <span class='ocrx_word' id='word_1_71' title='bbox 978 720 1202 770; x_wconf 87' lang='lat' dir='ltr'>habitura</span> <span class='ocrx_word' id='word_1_72' title='bbox 1224 721 1454 772; x_wconf 85' lang='lat' dir='ltr'>consules</span> <span class='ocrx_word' id='word_1_73' title='bbox 1474 731 1622 779; x_wconf 83' lang='lat' dir='ltr'>esset,</span> <span class='ocrx_word' id='word_1_74' title='bbox 1643 731 1813 780; x_wconf 82' lang='lat' dir='ltr'>coetus</span> <span class='ocrx_word' id='word_1_75' title='bbox 1835 729 2039 774; x_wconf 85' lang='lat' dir='ltr'>noctur-</span> 
     </span>
     <span class='ocr_line' id='line_1_15' title="bbox 270 786 2037 860; baseline -0.002 -14"><span class='ocrx_word' id='word_1_76' title='bbox 270 812 375 850; x_wconf 81' lang='lat' dir='ltr'>nos,</span> <span class='ocrx_word' id='word_1_77' title='bbox 399 812 513 860; x_wconf 85' lang='lat' dir='ltr'>pars</span> <span class='ocrx_word' id='word_1_78' title='bbox 535 794 778 859; x_wconf 54' lang='lat' dir='ltr'>quuiliis,</span> <span class='ocrx_word' id='word_1_79' title='bbox 803 807 914 857; x_wconf 87' lang='lat' dir='ltr'>pars</span> <span class='ocrx_word' id='word_1_80' title='bbox 929 791 979 840; x_wconf 90' lang='lat' dir='ltr'>in</span> <span class='ocrx_word' id='word_1_81' title='bbox 993 791 1252 846; x_wconf 81' lang='lat' dir='ltr'>Aventino,</span> <span class='ocrx_word' id='word_1_82' title='bbox 1276 792 1452 850; x_wconf 81' lang='lat' dir='ltr'>facere,</span> <span class='ocrx_word' id='word_1_83' title='bbox 1476 808 1538 842; x_wconf 88' lang='lat' dir='ltr'>ne</span> <span class='ocrx_word' id='word_1_84' title='bbox 1554 795 1601 843; x_wconf 90' lang='lat' dir='ltr'>in</span> <span class='ocrx_word' id='word_1_85' title='bbox 1621 795 1728 843; x_wconf 85' lang='lat' dir='ltr'>foro</span> <span class='ocrx_word' id='word_1_86' title='bbox 1744 786 1918 843; x_wconf 82' lang='lat' dir='ltr'>subitis</span> <span class='ocrx_word' id='word_1_87' title='bbox 1936 800 2037 845; x_wconf 79' lang='lat' dir='ltr'>tre-</span> 
     </span>
     <span class='ocr_line' id='line_1_16' title="bbox 211 862 2040 932; baseline 0 -19"><span class='ocrx_word' id='word_1_88' title='bbox 211 873 236 913; x_wconf 84' lang='lat'>2</span> <span class='ocrx_word' id='word_1_89' title='bbox 267 868 461 932; x_wconf 82' lang='lat' dir='ltr'>pidaret</span> <span class='ocrx_word' id='word_1_90' title='bbox 505 865 721 915; x_wconf 80' lang='lat' dir='ltr'>consiliis</span> <span class='ocrx_word' id='word_1_91' title='bbox 758 872 807 912; x_wconf 88' lang='lat' dir='ltr'>et</span> <span class='ocrx_word' id='word_1_92' title='bbox 842 862 1008 911; x_wconf 88' lang='lat' dir='ltr'>omnia</span> <span class='ocrx_word' id='word_1_93' title='bbox 1036 871 1224 911; x_wconf 79' lang='lat' dir='ltr'>temere</span> <span class='ocrx_word' id='word_1_94' title='bbox 1252 878 1307 911; x_wconf 86' lang='lat' dir='ltr'>ac</span> <span class='ocrx_word' id='word_1_95' title='bbox 1328 862 1533 912; x_wconf 89' lang='lat' dir='ltr'>fortuito</span> <span class='ocrx_word' id='word_1_96' title='bbox 1563 871 1740 928; x_wconf 87' lang='lat' dir='ltr'>ageret.</span> <span class='ocrx_word' id='word_1_97' title='bbox 1795 879 1903 912; x_wconf 87' lang='lat' dir='ltr'>eam</span> <span class='ocrx_word' id='word_1_98' title='bbox 1929 879 2040 915; x_wconf 84' lang='lat' dir='ltr'>rem</span> 
     </span>
     <span class='ocr_line' id='line_1_17' title="bbox 268 932 2038 997; baseline -0.001 -10"><span class='ocrx_word' id='word_1_99' title='bbox 268 938 498 987; x_wconf 82' lang='lat' dir='ltr'>consules</span> <span class='ocrx_word' id='word_1_100' title='bbox 524 937 632 993; x_wconf 88' lang='lat' dir='ltr'>rati,</span> <span class='ocrx_word' id='word_1_101' title='bbox 660 943 711 983; x_wconf 92' lang='lat' dir='ltr'>ut</span> <span class='ocrx_word' id='word_1_102' title='bbox 738 941 856 988; x_wconf 87' lang='lat' dir='ltr'>erat,</span> <span class='ocrx_word' id='word_1_103' title='bbox 884 932 1211 997; x_wconf 83' lang='lat' dir='ltr'>perniciosam</span> <span class='ocrx_word' id='word_1_104' title='bbox 1241 934 1300 982; x_wconf 89' lang='lat' dir='ltr'>ad</span> <span class='ocrx_word' id='word_1_105' title='bbox 1327 942 1488 997; x_wconf 87' lang='lat' dir='ltr'>patres</span> <span class='ocrx_word' id='word_1_106' title='bbox 1517 935 1764 992; x_wconf 89' lang='lat' dir='ltr'>deferunt,</span> <span class='ocrx_word' id='word_1_107' title='bbox 1791 935 1876 983; x_wconf 86' lang='lat' dir='ltr'>sed</span> <span class='ocrx_word' id='word_1_108' title='bbox 1904 935 2038 987; x_wconf 77' lang='lat' dir='ltr'>dela-</span> 
     </span>
     <span class='ocr_line' id='line_1_18' title="bbox 269 1003 2041 1069; baseline -0.001 -12"><span class='ocrx_word' id='word_1_109' title='bbox 269 1017 368 1057; x_wconf 77' lang='lat' dir='ltr'>tam</span> <span class='ocrx_word' id='word_1_110' title='bbox 408 1008 662 1056; x_wconf 84' lang='lat' dir='ltr'>consulere</span> <span class='ocrx_word' id='word_1_111' title='bbox 703 1005 875 1054; x_wconf 87' lang='lat' dir='ltr'>ordine</span> <span class='ocrx_word' id='word_1_112' title='bbox 914 1019 1014 1052; x_wconf 89' lang='lat' dir='ltr'>non</span> <span class='ocrx_word' id='word_1_113' title='bbox 1048 1003 1206 1052; x_wconf 85' lang='lat' dir='ltr'>licuit:</span> <span class='ocrx_word' id='word_1_114' title='bbox 1246 1004 1365 1052; x_wconf 83' lang='lat' dir='ltr'>adeo</span> <span class='ocrx_word' id='word_1_115' title='bbox 1402 1008 1707 1055; x_wconf 84' lang='lat' dir='ltr'>tumultuose</span> <span class='ocrx_word' id='word_1_116' title='bbox 1741 1012 1937 1069; x_wconf 73' lang='lat' dir='ltr'>excepta</span> <span class='ocrx_word' id='word_1_117' title='bbox 1965 1012 2041 1055; x_wconf 87' lang='lat' dir='ltr'>est</span> 
     </span>
     <span class='ocr_line' id='line_1_19' title="bbox 269 1074 2038 1141; baseline -0.001 -14"><span class='ocrx_word' id='word_1_118' title='bbox 269 1077 569 1128; x_wconf 85' lang='lat' dir='ltr'>clamoribus</span> <span class='ocrx_word' id='word_1_119' title='bbox 606 1076 823 1140; x_wconf 85' lang='lat' dir='ltr'>undique</span> <span class='ocrx_word' id='word_1_120' title='bbox 864 1082 913 1123; x_wconf 86' lang='lat' dir='ltr'>et</span> <span class='ocrx_word' id='word_1_121' title='bbox 954 1074 1289 1137; x_wconf 78' lang='lat' dir='ltr'>indignatione</span> <span class='ocrx_word' id='word_1_122' title='bbox 1330 1084 1551 1138; x_wconf 86' lang='lat' dir='ltr'>patrum,</span> <span class='ocrx_word' id='word_1_123' title='bbox 1580 1076 1646 1134; x_wconf 90' lang='lat' dir='ltr'>si,</span> <span class='ocrx_word' id='word_1_124' title='bbox 1674 1077 1804 1141; x_wconf 93' lang='lat' dir='ltr'>quod</span> <span class='ocrx_word' id='word_1_125' title='bbox 1833 1075 2038 1140; x_wconf 83' lang='lat' dir='ltr'>imperio</span> 
     </span>
     <span class='ocr_line' id='line_1_20' title="bbox 268 1144 2040 1212; baseline -0.001 -13"><span class='ocrx_word' id='word_1_126' title='bbox 268 1149 510 1200; x_wconf 87' lang='lat' dir='ltr'>consulari</span> <span class='ocrx_word' id='word_1_127' title='bbox 537 1147 908 1212; x_wconf 83' lang='lat' dir='ltr'>exsequendum</span> <span class='ocrx_word' id='word_1_128' title='bbox 929 1152 1070 1200; x_wconf 82' lang='lat' dir='ltr'>esset,</span> <span class='ocrx_word' id='word_1_129' title='bbox 1100 1144 1329 1195; x_wconf 88' lang='lat' dir='ltr'>invidiam</span> <span class='ocrx_word' id='word_1_130' title='bbox 1354 1146 1458 1194; x_wconf 84' lang='lat' dir='ltr'>eius</span> <span class='ocrx_word' id='word_1_131' title='bbox 1481 1147 1708 1196; x_wconf 90' lang='lat' dir='ltr'>consules</span> <span class='ocrx_word' id='word_1_132' title='bbox 1728 1148 1787 1196; x_wconf 88' lang='lat' dir='ltr'>ad</span> <span class='ocrx_word' id='word_1_133' title='bbox 1811 1154 2040 1197; x_wconf 83' lang='lat' dir='ltr'>senatum</span> 
     </span>
     <span class='ocr_line' id='line_1_21' title="bbox 208 1215 2037 1283; baseline -0.001 -15"><span class='ocrx_word' id='word_1_134' title='bbox 208 1229 239 1268; x_wconf 84' lang='lat'><strong>3</strong></span> <span class='ocrx_word' id='word_1_135' title='bbox 265 1220 523 1270; x_wconf 83' lang='lat' dir='ltr'>reicerent.</span> <span class='ocrx_word' id='word_1_136' title='bbox 577 1219 815 1283; x_wconf 84' lang='lat' dir='ltr'>profecto,</span> <span class='ocrx_word' id='word_1_137' title='bbox 844 1217 882 1265; x_wconf 91' lang='lat' dir='ltr'>si</span> <span class='ocrx_word' id='word_1_138' title='bbox 913 1223 1078 1265; x_wconf 77' lang='lat' dir='ltr'>essent</span> <span class='ocrx_word' id='word_1_139' title='bbox 1103 1215 1153 1263; x_wconf 92' lang='lat' dir='ltr'>in</span> <span class='ocrx_word' id='word_1_140' title='bbox 1182 1232 1237 1265; x_wconf 81' lang='lat' dir='ltr'>re</span> <span class='ocrx_word' id='word_1_141' title='bbox 1262 1216 1454 1280; x_wconf 80' lang='lat' dir='ltr'>publica</span> <span class='ocrx_word' id='word_1_142' title='bbox 1484 1217 1818 1281; x_wconf 80' lang='lat' dir='ltr'>magistratus,</span> <span class='ocrx_word' id='word_1_143' title='bbox 1845 1218 2037 1267; x_wconf 86' lang='lat' dir='ltr'>nullum</span> 
     </span>
     <span class='ocr_line' id='line_1_22' title="bbox 208 1287 2039 1350; baseline -0.001 -13"><span class='ocrx_word' id='word_1_144' title='bbox 208 1298 235 1337; x_wconf 88' lang='grc'>4</span> <span class='ocrx_word' id='word_1_145' title='bbox 266 1291 489 1340; x_wconf 79' lang='lat' dir='ltr'>futurum</span> <span class='ocrx_word' id='word_1_146' title='bbox 531 1290 683 1338; x_wconf 83' lang='lat' dir='ltr'>fuisse</span> <span class='ocrx_word' id='word_1_147' title='bbox 717 1289 899 1336; x_wconf 83' lang='lat' dir='ltr'>Romae</span> <span class='ocrx_word' id='word_1_148' title='bbox 936 1287 1029 1336; x_wconf 90' lang='lat' dir='ltr'>nisi</span> <span class='ocrx_word' id='word_1_149' title='bbox 1068 1287 1315 1350; x_wconf 81' lang='lat' dir='ltr'>publicum</span> <span class='ocrx_word' id='word_1_150' title='bbox 1355 1288 1645 1348; x_wconf 85' lang='lat' dir='ltr'>concilium;</span> <span class='ocrx_word' id='word_1_151' title='bbox 1672 1289 1883 1338; x_wconf 91' lang='lat' dir='ltr'>nuncin</span> <span class='ocrx_word' id='word_1_152' title='bbox 1907 1288 2039 1337; x_wconf 83' lang='lat' dir='ltr'>mille</span> 
     </span>
    </p>
   </div>
   <div class='ocr_carea' id='block_1_10' title="bbox 212 1357 2044 1727">
    <p class='ocr_par' dir='ltr' id='par_1_11' title="bbox 212 1357 2044 1707">
     <span class='ocr_line' id='line_1_23' title="bbox 271 1357 2042 1423; baseline -0.002 -12"><span class='ocrx_word' id='word_1_153' title='bbox 271 1362 435 1412; x_wconf 89' lang='lat' dir='ltr'>curias</span> <span class='ocrx_word' id='word_1_154' title='bbox 455 1369 828 1423; x_wconf 84' lang='lat' dir='ltr'>contionesque,</span> <span class='ocrx_word' id='word_1_155' title='bbox 851 1374 959 1408; x_wconf 87' lang='lat' dir='ltr'>cum</span> <span class='ocrx_word' id='word_1_156' title='bbox 984 1358 1073 1406; x_wconf 86' lang='lat' dir='ltr'>alia</span> <span class='ocrx_word' id='word_1_157' title='bbox 1097 1357 1181 1420; x_wconf 83' lang='lat' dir='ltr'>[in]</span> <span class='ocrx_word' id='word_1_158' title='bbox 1202 1358 1447 1422; x_wconf 83' lang='lat' dir='ltr'>Esquiliis,</span> <span class='ocrx_word' id='word_1_159' title='bbox 1469 1360 1560 1408; x_wconf 87' lang='lat' dir='ltr'>alia</span> <span class='ocrx_word' id='word_1_160' title='bbox 1583 1360 1633 1407; x_wconf 93' lang='lat' dir='ltr'>in</span> <span class='ocrx_word' id='word_1_161' title='bbox 1656 1359 1899 1409; x_wconf 85' lang='lat' dir='ltr'>Aventino</span> <span class='ocrx_word' id='word_1_162' title='bbox 1919 1360 2042 1408; x_wconf 83' lang='lat' dir='ltr'>fiant</span> 
     </span>
     <span class='ocr_line' id='line_1_24' title="bbox 271 1429 2038 1496; baseline -0.002 -15"><span class='ocrx_word' id='word_1_163' title='bbox 271 1432 474 1481; x_wconf 84' lang='lat' dir='ltr'>concilia</span> <span class='ocrx_word' id='word_1_164' title='bbox 503 1431 774 1496; x_wconf 78' lang='lat' dir='ltr'>dispersam</span> <span class='ocrx_word' id='word_1_165' title='bbox 805 1437 852 1478; x_wconf 88' lang='lat' dir='ltr'>et</span> <span class='ocrx_word' id='word_1_166' title='bbox 879 1429 1164 1492; x_wconf 75' lang='lat' dir='ltr'>dissipatam</span> <span class='ocrx_word' id='word_1_167' title='bbox 1189 1445 1296 1477; x_wconf 85' lang='lat' dir='ltr'>esse</span> <span class='ocrx_word' id='word_1_168' title='bbox 1318 1445 1418 1477; x_wconf 90' lang='lat' dir='ltr'>rem</span> <span class='ocrx_word' id='word_1_169' title='bbox 1444 1429 1706 1494; x_wconf 86' lang='lat' dir='ltr'>publicam.</span> <span class='ocrx_word' id='word_1_170' title='bbox 1749 1445 1899 1479; x_wconf 88' lang='lat' dir='ltr'>unum</span> <span class='ocrx_word' id='word_1_171' title='bbox 1923 1430 2038 1478; x_wconf 86' lang='lat' dir='ltr'>her-</span> 
     </span>
     <span class='ocr_line' id='line_1_25' title="bbox 271 1500 2044 1564; baseline -0.002 -12"><span class='ocrx_word' id='word_1_172' title='bbox 271 1504 377 1552; x_wconf 88' lang='lat' dir='ltr'>cule</span> <span class='ocrx_word' id='word_1_173' title='bbox 404 1503 559 1550; x_wconf 87' lang='lat' dir='ltr'>virum</span> <span class='ocrx_word' id='word_1_174' title='bbox 589 1531 655 1536; x_wconf 88' lang='lat'>——</span> <span class='ocrx_word' id='word_1_175' title='bbox 684 1501 728 1550; x_wconf 91' lang='lat' dir='ltr'>id</span> <span class='ocrx_word' id='word_1_176' title='bbox 760 1501 889 1549; x_wconf 86' lang='lat' dir='ltr'>enirn</span> <span class='ocrx_word' id='word_1_177' title='bbox 923 1501 1027 1563; x_wconf 86' lang='lat' dir='ltr'>plus</span> <span class='ocrx_word' id='word_1_178' title='bbox 1056 1515 1164 1548; x_wconf 87' lang='lat' dir='ltr'>esse</span> <span class='ocrx_word' id='word_1_179' title='bbox 1193 1516 1336 1563; x_wconf 89' lang='lat' dir='ltr'>quam</span> <span class='ocrx_word' id='word_1_180' title='bbox 1366 1503 1617 1548; x_wconf 85' lang='lat' dir='ltr'>consulem</span> <span class='ocrx_word' id='word_1_181' title='bbox 1647 1531 1728 1557; x_wconf 94' lang='lat'>—,</span> <span class='ocrx_word' id='word_1_182' title='bbox 1756 1500 1911 1564; x_wconf 82' lang='lat' dir='ltr'>qualis</span> <span class='ocrx_word' id='word_1_183' title='bbox 1940 1504 2044 1564; x_wconf 78' lang='lat' dir='ltr'>Ap-</span> 
     </span>
     <span class='ocr_line' id='line_1_26' title="bbox 269 1570 2039 1638; baseline -0.001 -16"><span class='ocrx_word' id='word_1_184' title='bbox 269 1574 380 1638; x_wconf 92' lang='lat' dir='ltr'>pius</span> <span class='ocrx_word' id='word_1_185' title='bbox 409 1572 634 1621; x_wconf 88' lang='lat' dir='ltr'>Claudius</span> <span class='ocrx_word' id='word_1_186' title='bbox 662 1572 825 1626; x_wconf 79' lang='lat' dir='ltr'>fuerit,</span> <span class='ocrx_word' id='word_1_187' title='bbox 849 1576 1104 1618; x_wconf 76' lang='lat' dir='ltr'>momento</span> <span class='ocrx_word' id='word_1_188' title='bbox 1141 1570 1382 1634; x_wconf 86' lang='lat' dir='ltr'>temporis</span> <span class='ocrx_word' id='word_1_189' title='bbox 1409 1570 1746 1619; x_wconf 85' lang='lat' dir='ltr'>discussurum</span> <span class='ocrx_word' id='word_1_190' title='bbox 1789 1571 1895 1620; x_wconf 91' lang='lat' dir='ltr'>illos</span> <span class='ocrx_word' id='word_1_191' title='bbox 1922 1586 2039 1620; x_wconf 86' lang='lat' dir='ltr'>coe-</span> 
     </span>
     <span class='ocr_line' id='line_1_27' title="bbox 212 1641 2026 1707; baseline -0.004 -10"><span class='ocrx_word' id='word_1_192' title='bbox 212 1658 236 1697; x_wconf 90' lang='lat'>5</span> <span class='ocrx_word' id='word_1_193' title='bbox 271 1652 350 1693; x_wconf 87' lang='lat' dir='ltr'>tus</span> <span class='ocrx_word' id='word_1_194' title='bbox 385 1643 552 1692; x_wconf 87' lang='lat' dir='ltr'>fuisse.</span> <span class='ocrx_word' id='word_1_195' title='bbox 606 1643 817 1707; x_wconf 85' lang='lat' dir='ltr'>correpti</span> <span class='ocrx_word' id='word_1_196' title='bbox 845 1648 1072 1690; x_wconf 65' lang='lat' dir='ltr'>consules</span> <span class='ocrx_word' id='word_1_197' title='bbox 1100 1657 1209 1690; x_wconf 87' lang='lat' dir='ltr'>cum</span> <span class='ocrx_word' id='word_1_198' title='bbox 1228 1680 1238 1699; x_wconf 81' lang='lat'>,</span> <span class='ocrx_word' id='word_1_199' title='bbox 1282 1641 1396 1705; x_wconf 91' lang='lat' dir='ltr'>quid</span> <span class='ocrx_word' id='word_1_200' title='bbox 1438 1656 1553 1704; x_wconf 86' lang='lat' dir='ltr'>ergo</span> <span class='ocrx_word' id='word_1_201' title='bbox 1582 1657 1634 1691; x_wconf 89' lang='lat' dir='ltr'>se</span> <span class='ocrx_word' id='word_1_202' title='bbox 1660 1641 1819 1691; x_wconf 87' lang='lat' dir='ltr'>facere</span> <span class='ocrx_word' id='word_1_203' title='bbox 1847 1642 2026 1691; x_wconf 88' lang='lat' dir='ltr'>vellent</span> 
     </span>
    </p>

    <p class='ocr_par' dir='ltr' id='par_1_12' title="bbox 2029 1705 2043 1727">
     <span class='ocr_line' id='line_1_28' title="bbox 2029 1705 2043 1727; baseline 0 0"><span class='ocrx_word' id='word_1_204' title='bbox 2029 1705 2043 1727; x_wconf 70' lang='lat'><strong><em>7</em></strong></span> 
     </span>
    </p>
   </div>
   <div class='ocr_carea' id='block_1_11' title="bbox 268 1739 1116 3264">
    <p class='ocr_par' dir='ltr' id='par_1_13' title="bbox 268 1739 1112 1852">
     <span class='ocr_line' id='line_1_29' title="bbox 268 1739 1112 1797; baseline -0.006 -13"><span class='ocrx_word' id='word_1_205' title='bbox 268 1745 534 1797; x_wconf 78' lang='lat' dir='ltr'>supererant,</span> <span class='ocrx_word' id='word_1_206' title='bbox 564 1755 654 1782; x_wconf 74' lang='lat' dir='ltr'>war</span> <span class='ocrx_word' id='word_1_207' title='bbox 683 1742 735 1781; x_wconf 92' lang='lat' dir='ltr'>im</span> <span class='ocrx_word' id='word_1_208' title='bbox 759 1740 1026 1782; x_wconf 82' lang='lat' dir='ltr'>Ueberssusse</span> <span class='ocrx_word' id='word_1_209' title='bbox 1049 1739 1112 1792; x_wconf 90' lang='lat' dir='ltr'>da,</span> 
     </span>
     <span class='ocr_line' id='line_1_30' title="bbox 269 1800 565 1852; baseline -0.01 -12"><span class='ocrx_word' id='word_1_210' title='bbox 269 1802 353 1852; x_wconf 82' lang='lat' dir='ltr'>vgl.</span> <span class='ocrx_word' id='word_1_211' title='bbox 376 1814 411 1839; x_wconf 88' lang='lat' dir='ltr'>c.</span> <span class='ocrx_word' id='word_1_212' title='bbox 436 1801 505 1850; x_wconf 81' lang='lat'>42,</span> <span class='ocrx_word' id='word_1_213' title='bbox 526 1800 565 1838; x_wconf 92' lang='grc'>9.</span> 
     </span>
    </p>

    <p class='ocr_par' dir='ltr' id='par_1_14' title="bbox 269 1850 1116 2752">
     <span class='ocr_line' id='line_1_31' title="bbox 329 1850 1112 1905; baseline -0.006 -8"><span class='ocrx_word' id='word_1_214' title='bbox 329 1850 416 1897; x_wconf 69' lang='grc'>28.</span> <span class='ocrx_word' id='word_1_215' title='bbox 483 1857 517 1894; x_wconf 89' lang='lat'>1.</span> <span class='ocrx_word' id='word_1_216' title='bbox 580 1854 809 1905; x_wconf 78' lang='lat' dir='ltr'>Vetusius,</span> <span class='ocrx_word' id='word_1_217' title='bbox 856 1854 940 1904; x_wconf 84' lang='lat' dir='ltr'>vgl.</span> <span class='ocrx_word' id='word_1_218' title='bbox 975 1866 1008 1892; x_wconf 89' lang='lat' dir='ltr'>c.</span> <span class='ocrx_word' id='word_1_219' title='bbox 1047 1853 1112 1902; x_wconf 87' lang='grc'>19,</span> 
     </span>
     <span class='ocr_line' id='line_1_32' title="bbox 271 1909 1113 1965; baseline -0.008 -11"><span class='ocrx_word' id='word_1_220' title='bbox 271 1914 310 1954; x_wconf 85' lang='lat'>2.</span> <span class='ocrx_word' id='word_1_221' title='bbox 347 1937 400 1943; x_wconf 89' lang='lat'>—</span> <span class='ocrx_word' id='word_1_222' title='bbox 437 1911 580 1965; x_wconf 78' lang='lat' dir='ltr'>quales</span> <span class='ocrx_word' id='word_1_223' title='bbox 601 1913 639 1951; x_wconf 83' lang='grc' dir='ltr'>Ιι.</span> <span class='ocrx_word' id='word_1_224' title='bbox 665 1926 711 1961; x_wconf 86' lang='lat' dir='ltr'>e.,</span> <span class='ocrx_word' id='word_1_225' title='bbox 735 1912 815 1950; x_wconf 84' lang='lat' dir='ltr'>wie</span> <span class='ocrx_word' id='word_1_226' title='bbox 838 1910 905 1949; x_wconf 91' lang='lat' dir='ltr'>die</span> <span class='ocrx_word' id='word_1_227' title='bbox 929 1909 1113 1949; x_wconf 87' lang='lat' dir='ltr'>Consuln</span> 
     </span>
     <span class='ocr_line' id='line_1_33' title="bbox 271 1967 1113 2022; baseline -0.006 -12"><span class='ocrx_word' id='word_1_228' title='bbox 271 1983 403 2022; x_wconf 82' lang='lat' dir='ltr'>gegen</span> <span class='ocrx_word' id='word_1_229' title='bbox 427 1971 489 2009; x_wconf 88' lang='lat' dir='ltr'>sie</span> <span class='ocrx_word' id='word_1_230' title='bbox 511 1969 678 2016; x_wconf 68' lang='lat' dir='ltr'>gesinnt</span> <span class='ocrx_word' id='word_1_231' title='bbox 710 1968 822 2017; x_wconf 87' lang='lat' dir='ltr'>sein,</span> <span class='ocrx_word' id='word_1_232' title='bbox 860 1967 949 2007; x_wconf 91' lang='lat' dir='ltr'>sich</span> <span class='ocrx_word' id='word_1_233' title='bbox 981 1979 1113 2017; x_wconf 77' lang='lat' dir='ltr'>gegen</span> 
     </span>
     <span class='ocr_line' id='line_1_34' title="bbox 273 2025 1113 2073; baseline -0.008 -5"><span class='ocrx_word' id='word_1_234' title='bbox 273 2028 336 2068; x_wconf 90' lang='lat' dir='ltr'>sie</span> <span class='ocrx_word' id='word_1_235' title='bbox 360 2027 583 2066; x_wconf 83' lang='lat' dir='ltr'>benehmen</span> <span class='ocrx_word' id='word_1_236' title='bbox 609 2025 1016 2073; x_wconf 53' lang='lat' dir='ltr'>nfirma—coetus,</span> <span class='ocrx_word' id='word_1_237' title='bbox 1040 2036 1113 2072; x_wconf 83' lang='lat' dir='ltr'>ge-</span> 
     </span>
     <span class='ocr_line' id='line_1_35' title="bbox 270 2081 1110 2133; baseline -0.007 -9"><span class='ocrx_word' id='word_1_238' title='bbox 270 2084 404 2124; x_wconf 84' lang='lat' dir='ltr'>heime</span> <span class='ocrx_word' id='word_1_239' title='bbox 428 2082 572 2132; x_wconf 88' lang='lat' dir='ltr'>Clubs,</span> <span class='ocrx_word' id='word_1_240' title='bbox 603 2095 635 2121; x_wconf 86' lang='lat' dir='ltr'>s.</span> <span class='ocrx_word' id='word_1_241' title='bbox 662 2096 696 2121; x_wconf 91' lang='lat' dir='ltr'>c.</span> <span class='ocrx_word' id='word_1_242' title='bbox 722 2083 787 2133; x_wconf 77' lang='grc'>32,</span> <span class='ocrx_word' id='word_1_243' title='bbox 825 2082 858 2127; x_wconf 87' lang='grc'>1,</span> <span class='ocrx_word' id='word_1_244' title='bbox 891 2081 1110 2130; x_wconf 74' lang='lat' dir='ltr'>c.27,13:</span> 
     </span>
     <span class='ocr_line' id='line_1_36' title="bbox 273 2135 1112 2190; baseline -0.008 -9"><span class='ocrx_word' id='word_1_245' title='bbox 273 2141 434 2181; x_wconf 75' lang='lat' dir='ltr'>occulta</span> <span class='ocrx_word' id='word_1_246' title='bbox 469 2137 679 2190; x_wconf 67' lang='lat' dir='ltr'>colloquia.</span> <span class='ocrx_word' id='word_1_247' title='bbox 721 2161 773 2166; x_wconf 90' lang='lat'>—</span> <span class='ocrx_word' id='word_1_248' title='bbox 814 2136 972 2188; x_wconf 74' lang='lat' dir='ltr'>Esquil.</span> <span class='ocrx_word' id='word_1_249' title='bbox 1007 2135 1112 2175; x_wconf 55' lang='lat' dir='ltr'>vird</span> 
     </span>
     <span class='ocr_line' id='line_1_37' title="bbox 269 2194 1113 2246; baseline -0.007 -9"><span class='ocrx_word' id='word_1_250' title='bbox 269 2211 351 2237; x_wconf 83' lang='lat' dir='ltr'>von</span> <span class='ocrx_word' id='word_1_251' title='bbox 378 2197 437 2246; x_wconf 61' lang='lat' dir='ltr'>L„</span> <span class='ocrx_word' id='word_1_252' title='bbox 470 2209 499 2235; x_wconf 91' lang='lat' dir='ltr'>s.</span> <span class='ocrx_word' id='word_1_253' title='bbox 534 2199 569 2244; x_wconf 92' lang='lat'>1,</span> <span class='ocrx_word' id='word_1_254' title='bbox 593 2197 669 2244; x_wconf 72' lang='lat'>443</span> <span class='ocrx_word' id='word_1_255' title='bbox 704 2195 768 2246; x_wconf 81' lang='lat'>26,</span> <span class='ocrx_word' id='word_1_256' title='bbox 806 2197 854 2235; x_wconf 78' lang='lat'>10</span> <span class='ocrx_word' id='word_1_257' title='bbox 880 2194 956 2233; x_wconf 90' lang='lat' dir='ltr'>und</span> <span class='ocrx_word' id='word_1_258' title='bbox 982 2199 1113 2241; x_wconf 69' lang='lat' dir='ltr'>satist,</span> 
     </span>
     <span class='ocr_line' id='line_1_38' title="bbox 272 2249 1113 2303; baseline -0.006 -9"><span class='ocrx_word' id='word_1_259' title='bbox 272 2255 355 2303; x_wconf 73' lang='lat' dir='ltr'>vgl.</span> <span class='ocrx_word' id='word_1_260' title='bbox 375 2254 461 2293; x_wconf 81' lang='lat' dir='ltr'>Cic.</span> <span class='ocrx_word' id='word_1_261' title='bbox 487 2251 535 2291; x_wconf 76' lang='lat' dir='ltr'>N,</span> <span class='ocrx_word' id='word_1_262' title='bbox 564 2252 606 2291; x_wconf 90' lang='lat' dir='ltr'>D.</span> <span class='ocrx_word' id='word_1_263' title='bbox 631 2254 669 2302; x_wconf 80' lang='lat'>3,</span> <span class='ocrx_word' id='word_1_264' title='bbox 694 2252 760 2298; x_wconf 69' lang='lat'>25,</span> <span class='ocrx_word' id='word_1_265' title='bbox 783 2252 856 2290; x_wconf 73' lang='lat'>63:</span> <span class='ocrx_word' id='word_1_266' title='bbox 880 2253 920 2290; x_wconf 82' lang='lat' dir='ltr'>in</span> <span class='ocrx_word' id='word_1_267' title='bbox 945 2249 1113 2289; x_wconf 61' lang='lat' dir='ltr'>Palatio</span> 
     </span>
     <span class='ocr_line' id='line_1_39' title="bbox 273 2308 1111 2361; baseline -0.007 -11"><span class='ocrx_word' id='word_1_268' title='bbox 273 2335 300 2340; x_wconf 92' lang='lat'><em>-</em></span> <span class='ocrx_word' id='word_1_269' title='bbox 321 2310 552 2361; x_wconf 75' lang='lat' dir='ltr'>Esquiliis:</span> <span class='ocrx_word' id='word_1_270' title='bbox 581 2309 668 2347; x_wconf 80' lang='lat' dir='ltr'>Plio</span> <span class='ocrx_word' id='word_1_271' title='bbox 710 2309 760 2348; x_wconf 75' lang='lat' dir='ltr'>N.</span> <span class='ocrx_word' id='word_1_272' title='bbox 786 2308 830 2347; x_wconf 87' lang='lat' dir='ltr'>H.</span> <span class='ocrx_word' id='word_1_273' title='bbox 857 2310 895 2357; x_wconf 84' lang='grc'>2,</span> <span class='ocrx_word' id='word_1_274' title='bbox 919 2308 958 2355; x_wconf 82' lang='lat'>7,</span> <span class='ocrx_word' id='word_1_275' title='bbox 992 2310 1040 2348; x_wconf 60' lang='lat'>10</span> <span class='ocrx_word' id='word_1_276' title='bbox 1073 2320 1111 2345; x_wconf 94' lang='lat' dir='ltr'>u.</span> 
     </span>
     <span class='ocr_line' id='line_1_40' title="bbox 276 2364 1114 2415; baseline -0.008 -7"><span class='ocrx_word' id='word_1_277' title='bbox 276 2381 328 2415; x_wconf 83' lang='lat' dir='ltr'>a.,</span> <span class='ocrx_word' id='word_1_278' title='bbox 362 2369 438 2407; x_wconf 89' lang='lat' dir='ltr'>wie</span> <span class='ocrx_word' id='word_1_279' title='bbox 468 2367 535 2405; x_wconf 90' lang='lat' dir='ltr'>die</span> <span class='ocrx_word' id='word_1_280' title='bbox 558 2364 714 2405; x_wconf 72' lang='lat' dir='ltr'>Nainen</span> <span class='ocrx_word' id='word_1_281' title='bbox 748 2366 820 2404; x_wconf 86' lang='lat' dir='ltr'>der</span> <span class='ocrx_word' id='word_1_282' title='bbox 844 2364 990 2404; x_wconf 80' lang='lat' dir='ltr'>St&#39;adte</span> <span class='ocrx_word' id='word_1_283' title='bbox 1014 2377 1114 2402; x_wconf 87' lang='lat' dir='ltr'>con-</span> 
     </span>
     <span class='ocr_line' id='line_1_41' title="bbox 274 2420 1116 2472; baseline -0.007 -8"><span class='ocrx_word' id='word_1_284' title='bbox 274 2425 436 2464; x_wconf 85' lang='lat' dir='ltr'>struirt.</span> <span class='ocrx_word' id='word_1_285' title='bbox 463 2422 827 2471; x_wconf 78' lang='lat' dir='ltr'>weslialeadvig</span> <span class='ocrx_word' id='word_1_286' title='bbox 851 2422 952 2459; x_wconf 63' lang='grc' dir='ltr'>ηιμ-1]</span> <span class='ocrx_word' id='word_1_287' title='bbox 975 2420 999 2472; x_wconf 59' lang='grc' dir='ltr'><strong>ξ</strong></span> <span class='ocrx_word' id='word_1_288' title='bbox 1023 2423 1043 2457; x_wconf 72' lang='lat'><strong>4</strong></span> <span class='ocrx_word' id='word_1_289' title='bbox 1070 2421 1116 2458; x_wconf 77' lang='lat' dir='ltr'>z&#39;n</span> 
     </span>
     <span class='ocr_line' id='line_1_42' title="bbox 273 2476 1112 2527; baseline -0.007 -8"><span class='ocrx_word' id='word_1_290' title='bbox 273 2478 342 2520; x_wconf 79' lang='lat' dir='ltr'>fiir</span> <span class='ocrx_word' id='word_1_291' title='bbox 364 2479 515 2519; x_wconf 73' lang='lat' dir='ltr'>un&#39;zicht</span> <span class='ocrx_word' id='word_1_292' title='bbox 539 2480 642 2517; x_wconf 70' lang='lat' dir='ltr'>halt.</span> <span class='ocrx_word' id='word_1_293' title='bbox 677 2503 728 2506; x_wconf 97' lang='lat'><strong>—</strong></span> <span class='ocrx_word' id='word_1_294' title='bbox 766 2481 809 2516; x_wconf 78' lang='lat' dir='ltr'>in</span> <span class='ocrx_word' id='word_1_295' title='bbox 832 2479 992 2517; x_wconf 76' lang='lat' dir='ltr'>Avenl..</span> <span class='ocrx_word' id='word_1_296' title='bbox 1028 2476 1112 2527; x_wconf 85' lang='lat' dir='ltr'>vgl.</span> 
     </span>
     <span class='ocr_line' id='line_1_43' title="bbox 275 2534 1115 2586; baseline -0.007 -10"><span class='ocrx_word' id='word_1_297' title='bbox 275 2537 342 2581; x_wconf 82' lang='lat'>35,</span> <span class='ocrx_word' id='word_1_298' title='bbox 366 2540 405 2586; x_wconf 88' lang='grc'>9,</span> <span class='ocrx_word' id='word_1_299' title='bbox 428 2537 466 2579; x_wconf 85' lang='grc'>4,</span> <span class='ocrx_word' id='word_1_300' title='bbox 488 2537 554 2574; x_wconf 81' lang='lat' dir='ltr'>hat</span> <span class='ocrx_word' id='word_1_301' title='bbox 578 2535 836 2586; x_wconf 70' lang='lat' dir='ltr'>gewijhnlivh</span> <span class='ocrx_word' id='word_1_302' title='bbox 852 2535 914 2573; x_wconf 80' lang='lat' dir='ltr'>die</span> <span class='ocrx_word' id='word_1_303' title='bbox 928 2534 970 2573; x_wconf 82' lang='grc' dir='ltr'>Ρι</span> <span class='ocrx_word' id='word_1_304' title='bbox 986 2534 1115 2584; x_wconf 63' lang='lat' dir='ltr'>apos„</span> 
     </span>
     <span class='ocr_line' id='line_1_44' title="bbox 277 2591 1114 2639; baseline -0.008 -6"><span class='ocrx_word' id='word_1_305' title='bbox 277 2608 308 2633; x_wconf 94' lang='lat' dir='ltr'>s.</span> <span class='ocrx_word' id='word_1_306' title='bbox 328 2591 427 2633; x_wconf 83' lang='lat' dir='ltr'>Tac.</span> <span class='ocrx_word' id='word_1_307' title='bbox 453 2592 499 2631; x_wconf 88' lang='grc' dir='ltr'>Η.</span> <span class='ocrx_word' id='word_1_308' title='bbox 525 2594 561 2638; x_wconf 70' lang='grc'>3,</span> <span class='ocrx_word' id='word_1_309' title='bbox 588 2594 660 2630; x_wconf 59' lang='lat' dir='ltr'>bl:</span> <span class='ocrx_word' id='word_1_310' title='bbox 689 2605 762 2630; x_wconf 89' lang='lat' dir='ltr'>zur</span> <span class='ocrx_word' id='word_1_311' title='bbox 781 2592 912 2629; x_wconf 63' lang='lat' dir='ltr'>Sat-he</span> <span class='ocrx_word' id='word_1_312' title='bbox 935 2604 965 2630; x_wconf 92' lang='lat' dir='ltr'>s.</span> <span class='ocrx_word' id='word_1_313' title='bbox 988 2592 1017 2637; x_wconf 79' lang='grc'>1,</span> <span class='ocrx_word' id='word_1_314' title='bbox 1045 2592 1114 2639; x_wconf 72' lang='lat'>325,</span> 
     </span>
     <span class='ocr_line' id='line_1_45' title="bbox 276 2646 1114 2691; baseline -0.006 -2"><span class='ocrx_word' id='word_1_315' title='bbox 276 2651 313 2689; x_wconf 83' lang='lat'>2.</span> <span class='ocrx_word' id='word_1_316' title='bbox 334 2672 386 2677; x_wconf 82' lang='lat'><strong>—</strong></span> <span class='ocrx_word' id='word_1_317' title='bbox 404 2649 528 2688; x_wconf 66' lang='lat' dir='ltr'>subit.</span> <span class='ocrx_word' id='word_1_318' title='bbox 553 2662 597 2691; x_wconf 65' lang='grc' dir='ltr'>(κ,</span> <span class='ocrx_word' id='word_1_319' title='bbox 623 2661 737 2686; x_wconf 59' lang='lat' dir='ltr'>vienn</span> <span class='ocrx_word' id='word_1_320' title='bbox 759 2648 818 2686; x_wconf 79' lang='lat' dir='ltr'>sie</span> <span class='ocrx_word' id='word_1_321' title='bbox 839 2662 910 2686; x_wconf 77' lang='lat' dir='ltr'>um</span> <span class='ocrx_word' id='word_1_322' title='bbox 925 2646 1114 2685; x_wconf 72' lang='lat' dir='ltr'>arberei-</span> 
     </span>
     <span class='ocr_line' id='line_1_46' title="bbox 275 2704 1111 2752; baseline -0.005 -6"><span class='ocrx_word' id='word_1_323' title='bbox 275 2712 339 2746; x_wconf 88' lang='lat' dir='ltr'>tet</span> <span class='ocrx_word' id='word_1_324' title='bbox 362 2732 391 2735; x_wconf 97' lang='lat'><strong>—</strong></span> <span class='ocrx_word' id='word_1_325' title='bbox 417 2706 552 2745; x_wconf 60' lang='lat' dir='ltr'>sussen</span> <span class='ocrx_word' id='word_1_326' title='bbox 580 2705 776 2749; x_wconf 59' lang='lat' dir='ltr'>miissten,</span> <span class='ocrx_word' id='word_1_327' title='bbox 810 2705 893 2752; x_wconf 67' lang='lat' dir='ltr'>vgl.</span> <span class='ocrx_word' id='word_1_328' title='bbox 919 2706 958 2752; x_wconf 79' lang='lat'>3,</span> <span class='ocrx_word' id='word_1_329' title='bbox 982 2705 1046 2745; x_wconf 79' lang='grc'>51,</span> <span class='ocrx_word' id='word_1_330' title='bbox 1076 2704 1111 2742; x_wconf 80' lang='lat'>1.</span> 
     </span>
    </p>

    <p class='ocr_par' dir='ltr' id='par_1_15' title="bbox 275 2760 1115 3264">
     <span class='ocr_line' id='line_1_47' title="bbox 336 2760 1110 2811; baseline -0.005 -9"><span class='ocrx_word' id='word_1_331' title='bbox 336 2762 372 2802; x_wconf 79' lang='lat'>⁸2.</span> <span class='ocrx_word' id='word_1_332' title='bbox 409 2762 621 2811; x_wconf 69' lang='lat' dir='ltr'>defernnt,</span> <span class='ocrx_word' id='word_1_333' title='bbox 654 2762 714 2800; x_wconf 68' lang='lat' dir='ltr'>sie</span> <span class='ocrx_word' id='word_1_334' title='bbox 750 2762 922 2810; x_wconf 53' lang='lat' dir='ltr'>bringi-n</span> <span class='ocrx_word' id='word_1_335' title='bbox 946 2761 1012 2798; x_wconf 82' lang='lat' dir='ltr'>die</span> <span class='ocrx_word' id='word_1_336' title='bbox 1036 2760 1110 2798; x_wconf 77' lang='lat' dir='ltr'>Sa-</span> 
     </span>
     <span class='ocr_line' id='line_1_48' title="bbox 276 2816 1111 2866; baseline -0.006 -6"><span class='ocrx_word' id='word_1_337' title='bbox 276 2821 351 2860; x_wconf 86' lang='lat' dir='ltr'>che</span> <span class='ocrx_word' id='word_1_338' title='bbox 371 2820 420 2859; x_wconf 85' lang='grc' dir='ltr'>ἰιυ</span> <span class='ocrx_word' id='word_1_339' title='bbox 435 2821 585 2859; x_wconf 67' lang='lat' dir='ltr'>Seu-&#39;ite</span> <span class='ocrx_word' id='word_1_340' title='bbox 603 2831 676 2855; x_wconf 75' lang='lat' dir='ltr'>zui·</span> <span class='ocrx_word' id='word_1_341' title='bbox 690 2818 881 2866; x_wconf 59' lang='lat' dir='ltr'>:lum-ige,</span> <span class='ocrx_word' id='word_1_342' title='bbox 904 2817 992 2854; x_wconf 71' lang='lat' dir='ltr'>him-</span> <span class='ocrx_word' id='word_1_343' title='bbox 1011 2816 1111 2855; x_wconf 70' lang='lat' dir='ltr'>aber</span> 
     </span>
     <span class='ocr_line' id='line_1_49' title="bbox 275 2874 1110 2926; baseline -0.007 -10"><span class='ocrx_word' id='word_1_344' title='bbox 275 2877 413 2926; x_wconf 69' lang='lat' dir='ltr'>wenig</span> <span class='ocrx_word' id='word_1_345' title='bbox 432 2875 705 2914; x_wconf 52' lang='lat' dir='ltr'>veru-hieden</span> <span class='ocrx_word' id='word_1_346' title='bbox 733 2888 809 2910; x_wconf 66' lang='lat' dir='ltr'>son</span> <span class='ocrx_word' id='word_1_347' title='bbox 835 2878 922 2913; x_wconf 82' lang='lat' dir='ltr'>dem</span> <span class='ocrx_word' id='word_1_348' title='bbox 951 2874 1110 2912; x_wconf 70' lang='lat' dir='ltr'>tei-hni-</span> 
     </span>
     <span class='ocr_line' id='line_1_50' title="bbox 277 2929 1112 2982; baseline -0.004 -10"><span class='ocrx_word' id='word_1_349' title='bbox 277 2935 400 2973; x_wconf 81' lang='lat' dir='ltr'>seben</span> <span class='ocrx_word' id='word_1_350' title='bbox 435 2930 670 2971; x_wconf 47' lang='lat' dir='ltr'>Ausdi-uvk:</span> <span class='ocrx_word' id='word_1_351' title='bbox 713 2933 875 2982; x_wconf 63' lang='lat' dir='ltr'>rqs&#39;mw</span> <span class='ocrx_word' id='word_1_352' title='bbox 907 2929 963 2968; x_wconf 80' lang='lat' dir='ltr'>ad</span> <span class='ocrx_word' id='word_1_353' title='bbox 991 2943 1112 2969; x_wconf 80' lang='lat' dir='ltr'>seua-</span> 
     </span>
     <span class='ocr_line' id='line_1_51' title="bbox 278 2987 1113 3032; baseline -0.006 -3"><span class='ocrx_word' id='word_1_354' title='bbox 278 2994 386 3030; x_wconf 79' lang='lat' dir='ltr'>tum:</span> <span class='ocrx_word' id='word_1_355' title='bbox 430 2988 600 3027; x_wconf 76' lang='lat' dir='ltr'>aintlich</span> <span class='ocrx_word' id='word_1_356' title='bbox 643 2987 761 3025; x_wconf 78' lang='lat' dir='ltr'>einen</span> <span class='ocrx_word' id='word_1_357' title='bbox 801 2987 819 3022; x_wconf 71' lang='lat' dir='ltr'>t</span> <span class='ocrx_word' id='word_1_358' title='bbox 837 2992 978 3032; x_wconf 68' lang='lat' dir='ltr'>urtrag</span> <span class='ocrx_word' id='word_1_359' title='bbox 1013 2987 1113 3024; x_wconf 81' lang='lat' dir='ltr'>&#39;uber</span> 
     </span>
     <span class='ocr_line' id='line_1_52' title="bbox 281 3042 1113 3095; baseline -0.011 -9"><span class='ocrx_word' id='word_1_360' title='bbox 281 3047 400 3086; x_wconf 76' lang='lat' dir='ltr'>einen</span> <span class='ocrx_word' id='word_1_361' title='bbox 428 3044 692 3095; x_wconf 67' lang='lat' dir='ltr'>Gvgenstand</span> <span class='ocrx_word' id='word_1_362' title='bbox 727 3042 865 3082; x_wconf 65' lang='lat' dir='ltr'>hulten</span> <span class='ocrx_word' id='word_1_363' title='bbox 894 3044 968 3079; x_wconf 78' lang='lat' dir='ltr'>und</span> <span class='ocrx_word' id='word_1_364' title='bbox 996 3043 1113 3081; x_wconf 56' lang='lat' dir='ltr'>(vilieu</span> 
     </span>
     <span class='ocr_line' id='line_1_53' title="bbox 281 3100 1114 3153; baseline -0.008 -11"><span class='ocrx_word' id='word_1_365' title='bbox 281 3103 442 3153; x_wconf 59' lang='lat' dir='ltr'>Antra-ig</span> <span class='ocrx_word' id='word_1_366' title='bbox 475 3101 643 3143; x_wconf 69' lang='lat' dir='ltr'>stellein,</span> <span class='ocrx_word' id='word_1_367' title='bbox 676 3113 721 3137; x_wconf 74' lang='lat' dir='ltr'>so</span> <span class='ocrx_word' id='word_1_368' title='bbox 754 3102 849 3138; x_wconf 61' lang='lat' dir='ltr'>dass</span> <span class='ocrx_word' id='word_1_369' title='bbox 884 3100 984 3137; x_wconf 75' lang='lat' dir='ltr'>iiber</span> <span class='ocrx_word' id='word_1_370' title='bbox 1016 3101 1114 3137; x_wconf 82' lang='lat' dir='ltr'>den-</span> 
     </span>
     <span class='ocr_line' id='line_1_54' title="bbox 281 3155 1115 3199; baseline -0.01 0"><span class='ocrx_word' id='word_1_371' title='bbox 281 3159 422 3199; x_wconf 79' lang='lat' dir='ltr'>selben</span> <span class='ocrx_word' id='word_1_372' title='bbox 443 3161 514 3197; x_wconf 62' lang='lat' dir='ltr'>dor</span> <span class='ocrx_word' id='word_1_373' title='bbox 536 3160 656 3196; x_wconf 52' lang='lat' dir='ltr'>senat</span> <span class='ocrx_word' id='word_1_374' title='bbox 676 3171 687 3192; x_wconf 66' lang='lat' dir='ltr'>x</span> <span class='ocrx_word' id='word_1_375' title='bbox 703 3157 925 3195; x_wconf 72' lang='lat' dir='ltr'>erhamleln</span> <span class='ocrx_word' id='word_1_376' title='bbox 948 3158 1024 3193; x_wconf 82' lang='lat' dir='ltr'>und</span> <span class='ocrx_word' id='word_1_377' title='bbox 1045 3155 1115 3192; x_wconf 84' lang='lat' dir='ltr'>ab·</span> 
     </span>
     <span class='ocr_line' id='line_1_55' title="bbox 284 3213 1114 3264; baseline -0.008 -8"><span class='ocrx_word' id='word_1_378' title='bbox 284 3216 608 3263; x_wconf 80' lang='lat' dir='ltr'>stimmenkann,</span> <span class='ocrx_word' id='word_1_379' title='bbox 624 3213 823 3264; x_wconf 63' lang='lat' dir='ltr'>tgl.c.2‘t,</span> <span class='ocrx_word' id='word_1_380' title='bbox 845 3213 1027 3262; x_wconf 43' lang='lat'>233253</span> <span class='ocrx_word' id='word_1_381' title='bbox 1047 3214 1114 3261; x_wconf 70' lang='grc'>39,</span> 
     </span>
    </p>
   </div>
   <div class='ocr_carea' id='block_1_12' title="bbox 1202 1739 2045 2357">
    <p class='ocr_par' dir='ltr' id='par_1_16' title="bbox 1202 1739 2045 2357">
     <span class='ocr_line' id='line_1_56' title="bbox 1208 1739 2041 1790; baseline 0.001 -11"><span class='ocrx_word' id='word_1_382' title='bbox 1208 1740 1271 1788; x_wconf 83' lang='grc'>14,</span> <span class='ocrx_word' id='word_1_383' title='bbox 1303 1740 1349 1787; x_wconf 78' lang='lat'>33</span> <span class='ocrx_word' id='word_1_384' title='bbox 1382 1740 1466 1779; x_wconf 87' lang='lat' dir='ltr'>Cic.</span> <span class='ocrx_word' id='word_1_385' title='bbox 1490 1739 1579 1780; x_wconf 87' lang='lat' dir='ltr'>Att.</span> <span class='ocrx_word' id='word_1_386' title='bbox 1609 1741 1642 1790; x_wconf 92' lang='grc'>1,</span> <span class='ocrx_word' id='word_1_387' title='bbox 1676 1741 1739 1784; x_wconf 80' lang='grc'>16,</span> <span class='ocrx_word' id='word_1_388' title='bbox 1770 1741 1808 1780; x_wconf 84' lang='grc'>5.</span> <span class='ocrx_word' id='word_1_389' title='bbox 1859 1739 2041 1781; x_wconf 79' lang='lat' dir='ltr'>delatum</span> 
     </span>
     <span class='ocr_line' id='line_1_57' title="bbox 1204 1795 2045 1848; baseline 0.002 -13"><span class='ocrx_word' id='word_1_390' title='bbox 1204 1797 1305 1835; x_wconf 87' lang='lat' dir='ltr'>nach</span> <span class='ocrx_word' id='word_1_391' title='bbox 1327 1795 1527 1848; x_wconf 79' lang='lat' dir='ltr'>deferunt</span> <span class='ocrx_word' id='word_1_392' title='bbox 1559 1809 1593 1836; x_wconf 93' lang='lat' dir='ltr'>s.</span> <span class='ocrx_word' id='word_1_393' title='bbox 1633 1797 1666 1845; x_wconf 94' lang='lat'>1,</span> <span class='ocrx_word' id='word_1_394' title='bbox 1700 1798 1737 1843; x_wconf 85' lang='lat'>5,</span> <span class='ocrx_word' id='word_1_395' title='bbox 1773 1796 1811 1836; x_wconf 90' lang='lat'>3.</span> <span class='ocrx_word' id='word_1_396' title='bbox 1853 1819 1898 1824; x_wconf 90' lang='lat'>—</span> <span class='ocrx_word' id='word_1_397' title='bbox 1947 1809 2045 1837; x_wconf 83' lang='lat' dir='ltr'>con·</span> 
     </span>
     <span class='ocr_line' id='line_1_58' title="bbox 1203 1853 2045 1899; baseline 0.004 -9"><span class='ocrx_word' id='word_1_398' title='bbox 1203 1853 1352 1899; x_wconf 47' lang='lat' dir='ltr'>intere,</span> <span class='ocrx_word' id='word_1_399' title='bbox 1385 1854 1436 1892; x_wconf 79' lang='lat' dir='ltr'>da</span> <span class='ocrx_word' id='word_1_400' title='bbox 1467 1866 1511 1893; x_wconf 88' lang='lat' dir='ltr'>es</span> <span class='ocrx_word' id='word_1_401' title='bbox 1543 1854 1645 1892; x_wconf 81' lang='lat' dir='ltr'>auch</span> <span class='ocrx_word' id='word_1_402' title='bbox 1678 1853 1746 1893; x_wconf 93' lang='lat' dir='ltr'>die</span> <span class='ocrx_word' id='word_1_403' title='bbox 1780 1853 1932 1893; x_wconf 85' lang='lat' dir='ltr'>relatio</span> <span class='ocrx_word' id='word_1_404' title='bbox 1955 1866 2045 1893; x_wconf 82' lang='lat' dir='ltr'>um-</span> 
     </span>
     <span class='ocr_line' id='line_1_59' title="bbox 1204 1909 2042 1960; baseline 0.001 -11"><span class='ocrx_word' id='word_1_405' title='bbox 1204 1909 1325 1960; x_wconf 82' lang='lat' dir='ltr'>sasst,</span> <span class='ocrx_word' id='word_1_406' title='bbox 1349 1923 1381 1948; x_wconf 88' lang='lat' dir='ltr'>c.</span> <span class='ocrx_word' id='word_1_407' title='bbox 1406 1910 1471 1959; x_wconf 84' lang='grc'>31,</span> <span class='ocrx_word' id='word_1_408' title='bbox 1498 1915 1542 1949; x_wconf 79' lang='grc'>9;</span> <span class='ocrx_word' id='word_1_409' title='bbox 1566 1923 1641 1948; x_wconf 89' lang='lat' dir='ltr'>zur</span> <span class='ocrx_word' id='word_1_410' title='bbox 1665 1909 1904 1960; x_wconf 84' lang='lat' dir='ltr'>Berathung</span> <span class='ocrx_word' id='word_1_411' title='bbox 1926 1910 2042 1950; x_wconf 87' lang='lat' dir='ltr'>brin-</span> 
     </span>
     <span class='ocr_line' id='line_1_60' title="bbox 1203 1966 2042 2017; baseline 0.002 -12"><span class='ocrx_word' id='word_1_412' title='bbox 1203 1979 1302 2016; x_wconf 74' lang='lat' dir='ltr'>geu,</span> <span class='ocrx_word' id='word_1_413' title='bbox 1325 1967 1478 2006; x_wconf 87' lang='lat' dir='ltr'>anders</span> <span class='ocrx_word' id='word_1_414' title='bbox 1491 1967 1601 2017; x_wconf 65' lang='lat' dir='ltr'>c.2†3,</span> <span class='ocrx_word' id='word_1_415' title='bbox 1625 1968 1670 2016; x_wconf 83' lang='lat'>53</span> <span class='ocrx_word' id='word_1_416' title='bbox 1696 1968 1762 2016; x_wconf 88' lang='grc'>29,</span> <span class='ocrx_word' id='word_1_417' title='bbox 1785 1968 1831 2005; x_wconf 79' lang='lat'>6:</span> <span class='ocrx_word' id='word_1_418' title='bbox 1855 1967 1922 2007; x_wconf 85' lang='lat' dir='ltr'>die</span> <span class='ocrx_word' id='word_1_419' title='bbox 1941 1966 2042 2007; x_wconf 82' lang='lat' dir='ltr'>Ein-</span> 
     </span>
     <span class='ocr_line' id='line_1_61' title="bbox 1204 2022 2042 2075; baseline 0.001 -13"><span class='ocrx_word' id='word_1_420' title='bbox 1204 2023 1347 2063; x_wconf 86' lang='lat' dir='ltr'>zelneu</span> <span class='ocrx_word' id='word_1_421' title='bbox 1373 2022 1585 2073; x_wconf 72' lang='lat' dir='ltr'>besu-agen.</span> <span class='ocrx_word' id='word_1_422' title='bbox 1603 2045 1655 2050; x_wconf 92' lang='lat'>—</span> <span class='ocrx_word' id='word_1_423' title='bbox 1677 2022 1841 2075; x_wconf 59' lang='lat' dir='ltr'>uudiq„</span> <span class='ocrx_word' id='word_1_424' title='bbox 1863 2023 2042 2063; x_wconf 81' lang='lat' dir='ltr'>attribu·</span> 
     </span>
     <span class='ocr_line' id='line_1_62' title="bbox 1202 2079 2041 2131; baseline 0.001 -12"><span class='ocrx_word' id='word_1_425' title='bbox 1202 2081 1281 2119; x_wconf 85' lang='lat' dir='ltr'>tiv.</span> <span class='ocrx_word' id='word_1_426' title='bbox 1307 2102 1358 2108; x_wconf 90' lang='lat'>—</span> <span class='ocrx_word' id='word_1_427' title='bbox 1382 2079 1542 2131; x_wconf 54' lang='lat' dir='ltr'>indign.</span> <span class='ocrx_word' id='word_1_428' title='bbox 1562 2102 1587 2106; x_wconf 92' lang='lat'>—</span> <span class='ocrx_word' id='word_1_429' title='bbox 1609 2081 1658 2128; x_wconf 82' lang='lat' dir='ltr'>si,</span> <span class='ocrx_word' id='word_1_430' title='bbox 1691 2093 1722 2118; x_wconf 85' lang='lat' dir='ltr'>S.</span> <span class='ocrx_word' id='word_1_431' title='bbox 1751 2082 1784 2123; x_wconf 92' lang='lat'>1,</span> <span class='ocrx_word' id='word_1_432' title='bbox 1808 2080 1876 2125; x_wconf 73' lang='lat'>47,</span> <span class='ocrx_word' id='word_1_433' title='bbox 1900 2082 1949 2122; x_wconf 77' lang='lat'>6:</span> <span class='ocrx_word' id='word_1_434' title='bbox 1972 2080 2041 2120; x_wconf 78' lang='lat' dir='ltr'>die</span> 
     </span>
     <span class='ocr_line' id='line_1_63' title="bbox 1204 2135 2042 2187; baseline -0.001 -10"><span class='ocrx_word' id='word_1_435' title='bbox 1204 2136 1386 2177; x_wconf 85' lang='lat' dir='ltr'>Consulu</span> <span class='ocrx_word' id='word_1_436' title='bbox 1403 2137 1545 2176; x_wconf 83' lang='lat' dir='ltr'>hatten</span> <span class='ocrx_word' id='word_1_437' title='bbox 1559 2139 1753 2187; x_wconf 71' lang='lat' dir='ltr'>vernntige</span> <span class='ocrx_word' id='word_1_438' title='bbox 1765 2135 2042 2176; x_wconf 80' lang='lat' dir='ltr'>ihrerMacht·</span> 
     </span>
     <span class='ocr_line' id='line_1_64' title="bbox 1203 2190 2039 2243; baseline -0.002 -9"><span class='ocrx_word' id='word_1_439' title='bbox 1203 2193 1576 2234; x_wconf 78' lang='lat' dir='ltr'>vollkouimenheit</span> <span class='ocrx_word' id='word_1_440' title='bbox 1594 2192 1727 2232; x_wconf 89' lang='lat' dir='ltr'>selbst</span> <span class='ocrx_word' id='word_1_441' title='bbox 1746 2190 1981 2243; x_wconf 79' lang='lat' dir='ltr'>eingreifen</span> <span class='ocrx_word' id='word_1_442' title='bbox 1998 2205 2039 2232; x_wconf 89' lang='lat' dir='ltr'>u.</span> 
     </span>
     <span class='ocr_line' id='line_1_65' title="bbox 1206 2247 2042 2300; baseline -0.004 -9"><span class='ocrx_word' id='word_1_443' title='bbox 1206 2251 1365 2291; x_wconf 74' lang='lat' dir='ltr'>straten</span> <span class='ocrx_word' id='word_1_444' title='bbox 1389 2250 1535 2297; x_wconf 81' lang='lat' dir='ltr'>sollen,</span> <span class='ocrx_word' id='word_1_445' title='bbox 1561 2262 1594 2288; x_wconf 87' lang='lat' dir='ltr'>c.</span> <span class='ocrx_word' id='word_1_446' title='bbox 1613 2251 1681 2300; x_wconf 78' lang='lat'>29,</span> <span class='ocrx_word' id='word_1_447' title='bbox 1706 2251 1768 2290; x_wconf 86' lang='lat'>10.</span> <span class='ocrx_word' id='word_1_448' title='bbox 1806 2270 1875 2300; x_wconf 50' lang='lat'>—,</span> <span class='ocrx_word' id='word_1_449' title='bbox 1894 2247 2042 2298; x_wconf 65' lang='lat' dir='ltr'>inviti„</span> 
     </span>
     <span class='ocr_line' id='line_1_66' title="bbox 1206 2308 1451 2357; baseline -0.004 -11"><span class='ocrx_word' id='word_1_450' title='bbox 1206 2320 1237 2346; x_wconf 91' lang='lat' dir='ltr'>s.</span> <span class='ocrx_word' id='word_1_451' title='bbox 1265 2310 1302 2356; x_wconf 71' lang='lat'>5,</span> <span class='ocrx_word' id='word_1_452' title='bbox 1326 2308 1393 2357; x_wconf 81' lang='lat'>20,</span> <span class='ocrx_word' id='word_1_453' title='bbox 1414 2308 1451 2346; x_wconf 90' lang='grc'>9.</span> 
     </span>
    </p>
   </div>
   <div class='ocr_carea' id='block_1_13' title="bbox 1204 2417 2042 2694">
    <p class='ocr_par' dir='ltr' id='par_1_17' title="bbox 1204 2417 2042 2694">
     <span class='ocr_line' id='line_1_67' title="bbox 1262 2417 2039 2470; baseline -0.001 -12"><span class='ocrx_word' id='word_1_454' title='bbox 1262 2419 1285 2458; x_wconf 91' lang='grc'>3</span> <span class='ocrx_word' id='word_1_455' title='bbox 1304 2444 1327 2449; x_wconf 88' lang='grc'>-</span> <span class='ocrx_word' id='word_1_456' title='bbox 1345 2421 1380 2458; x_wconf 86' lang='grc'>5.</span> <span class='ocrx_word' id='word_1_457' title='bbox 1415 2420 1713 2470; x_wconf 55' lang='lat' dir='ltr'>magistratus,</span> <span class='ocrx_word' id='word_1_458' title='bbox 1737 2432 1773 2457; x_wconf 89' lang='lat' dir='ltr'>n.</span> <span class='ocrx_word' id='word_1_459' title='bbox 1797 2417 2039 2467; x_wconf 78' lang='lat' dir='ltr'>wirkliehe,</span> 
     </span>
     <span class='ocr_line' id='line_1_68' title="bbox 1206 2473 2040 2529; baseline -0.004 -13"><span class='ocrx_word' id='word_1_460' title='bbox 1206 2476 1452 2526; x_wconf 75' lang='lat' dir='ltr'>enei-gische</span> <span class='ocrx_word' id='word_1_461' title='bbox 1494 2498 1545 2502; x_wconf 89' lang='lat'>—</span> <span class='ocrx_word' id='word_1_462' title='bbox 1567 2475 1716 2529; x_wconf 78' lang='lat' dir='ltr'>public.</span> <span class='ocrx_word' id='word_1_463' title='bbox 1751 2487 1871 2519; x_wconf 63' lang='lat' dir='ltr'>eona,</span> <span class='ocrx_word' id='word_1_464' title='bbox 1904 2473 2040 2525; x_wconf 82' lang='lat' dir='ltr'>allge-</span> 
     </span>
     <span class='ocr_line' id='line_1_69' title="bbox 1204 2531 2042 2580; baseline -0.001 -9"><span class='ocrx_word' id='word_1_465' title='bbox 1204 2533 1335 2572; x_wconf 82' lang='lat' dir='ltr'>meiu:</span> <span class='ocrx_word' id='word_1_466' title='bbox 1369 2532 1461 2571; x_wconf 88' lang='lat' dir='ltr'>eine</span> <span class='ocrx_word' id='word_1_467' title='bbox 1494 2545 1585 2570; x_wconf 79' lang='lat' dir='ltr'>voni</span> <span class='ocrx_word' id='word_1_468' title='bbox 1618 2532 1737 2571; x_wconf 72' lang='lat' dir='ltr'>Stant</span> <span class='ocrx_word' id='word_1_469' title='bbox 1768 2531 2042 2580; x_wconf 69' lang='lat' dir='ltr'>num-kanuto,</span> 
     </span>
     <span class='ocr_line' id='line_1_70' title="bbox 1204 2587 2040 2637; baseline -0.001 -10"><span class='ocrx_word' id='word_1_470' title='bbox 1204 2604 1284 2627; x_wconf 79' lang='lat' dir='ltr'>von</span> <span class='ocrx_word' id='word_1_471' title='bbox 1314 2590 1445 2628; x_wconf 65' lang='lat' dir='ltr'>vinem</span> <span class='ocrx_word' id='word_1_472' title='bbox 1462 2588 1707 2637; x_wconf 76' lang='lat' dir='ltr'>Magistrate</span> <span class='ocrx_word' id='word_1_473' title='bbox 1719 2589 1917 2627; x_wconf 80' lang='lat' dir='ltr'>berul&#39;ene</span> <span class='ocrx_word' id='word_1_474' title='bbox 1936 2587 2040 2627; x_wconf 87' lang='lat' dir='ltr'>Ver-</span> 
     </span>
     <span class='ocr_line' id='line_1_71' title="bbox 1204 2643 2038 2694; baseline -0.005 -8"><span class='ocrx_word' id='word_1_475' title='bbox 1204 2646 1434 2694; x_wconf 74' lang='lat' dir='ltr'>samuilung</span> <span class='ocrx_word' id='word_1_476' title='bbox 1457 2647 1528 2684; x_wconf 84' lang='lat' dir='ltr'>des</span> <span class='ocrx_word' id='word_1_477' title='bbox 1552 2647 1725 2684; x_wconf 63' lang='lat' dir='ltr'>sen-:tes</span> <span class='ocrx_word' id='word_1_478' title='bbox 1748 2643 2038 2688; x_wconf 66' lang='lat' dir='ltr'>udcholkesz</span> 
     </span>
    </p>
   </div>
   <div class='ocr_carea' id='block_1_14' title="bbox 1198 2702 2041 2751">
    <p class='ocr_par' dir='ltr' id='par_1_18' title="bbox 1198 2702 2041 2751">
     <span class='ocr_line' id='line_1_72' title="bbox 1198 2702 2041 2751; baseline -0.004 -9"><span class='ocrx_word' id='word_1_479' title='bbox 1198 2703 1307 2751; x_wconf 83' lang='lat' dir='ltr'>jetzt</span> <span class='ocrx_word' id='word_1_480' title='bbox 1325 2703 1425 2741; x_wconf 82' lang='lat' dir='ltr'>aber</span> <span class='ocrx_word' id='word_1_481' title='bbox 1444 2703 1662 2751; x_wconf 72' lang='lat' dir='ltr'>unz&#39;a‘hlige</span> <span class='ocrx_word' id='word_1_482' title='bbox 1679 2702 1847 2740; x_wconf 79' lang='lat' dir='ltr'>Seuats-</span> <span class='ocrx_word' id='word_1_483' title='bbox 1864 2702 2041 2749; x_wconf 70' lang='lat' dir='ltr'>(curias)</span> 
     </span>
    </p>
   </div>
   <div class='ocr_carea' id='block_1_15' title="bbox 1201 2758 2042 3263">
    <p class='ocr_par' dir='ltr' id='par_1_19' title="bbox 1201 2758 2042 3263">
     <span class='ocr_line' id='line_1_73' title="bbox 1203 2758 2038 2807; baseline -0.004 -10"><span class='ocrx_word' id='word_1_484' title='bbox 1203 2760 1282 2798; x_wconf 85' lang='lat' dir='ltr'>und</span> <span class='ocrx_word' id='word_1_485' title='bbox 1327 2758 1819 2807; x_wconf 61' lang='lat' dir='ltr'>Volksversannulungen</span> <span class='ocrx_word' id='word_1_486' title='bbox 1867 2758 2038 2805; x_wconf 78' lang='lat' dir='ltr'>(emetia-</span> 
     </span>
     <span class='ocr_line' id='line_1_74' title="bbox 1203 2814 2039 2865; baseline -0.004 -11"><span class='ocrx_word' id='word_1_487' title='bbox 1203 2818 1305 2864; x_wconf 67' lang='lat' dir='ltr'>nesl,</span> <span class='ocrx_word' id='word_1_488' title='bbox 1329 2832 1363 2855; x_wconf 86' lang='lat' dir='ltr'>c.</span> <span class='ocrx_word' id='word_1_489' title='bbox 1389 2818 1427 2863; x_wconf 80' lang='lat'>7,</span> <span class='ocrx_word' id='word_1_490' title='bbox 1451 2816 1496 2853; x_wconf 84' lang='lat'>7:</span> <span class='ocrx_word' id='word_1_491' title='bbox 1522 2818 1561 2862; x_wconf 77' lang='lat'>3,</span> <span class='ocrx_word' id='word_1_492' title='bbox 1584 2818 1652 2865; x_wconf 81' lang='lat'>41,</span> <span class='ocrx_word' id='word_1_493' title='bbox 1679 2818 1717 2856; x_wconf 89' lang='lat'>1:</span> <span class='ocrx_word' id='word_1_494' title='bbox 1750 2817 1827 2854; x_wconf 76' lang='lat' dir='ltr'>aut</span> <span class='ocrx_word' id='word_1_495' title='bbox 1855 2815 1897 2852; x_wconf 80' lang='lat' dir='ltr'>in</span> <span class='ocrx_word' id='word_1_496' title='bbox 1920 2814 2039 2852; x_wconf 81' lang='lat' dir='ltr'>curia</span> 
     </span>
     <span class='ocr_line' id='line_1_75' title="bbox 1201 2870 2038 2920; baseline -0.002 -9"><span class='ocrx_word' id='word_1_497' title='bbox 1201 2876 1273 2911; x_wconf 81' lang='lat' dir='ltr'>aut</span> <span class='ocrx_word' id='word_1_498' title='bbox 1302 2875 1343 2911; x_wconf 76' lang='lat' dir='ltr'>iu</span> <span class='ocrx_word' id='word_1_499' title='bbox 1377 2874 1562 2911; x_wconf 70' lang='lat' dir='ltr'>contione</span> <span class='ocrx_word' id='word_1_500' title='bbox 1590 2885 1626 2910; x_wconf 88' lang='lat' dir='ltr'>u.</span> <span class='ocrx_word' id='word_1_501' title='bbox 1651 2885 1687 2910; x_wconf 89' lang='lat' dir='ltr'>a.</span> <span class='ocrx_word' id='word_1_502' title='bbox 1731 2893 1782 2898; x_wconf 91' lang='lat'>—</span> <span class='ocrx_word' id='word_1_503' title='bbox 1824 2871 1976 2917; x_wconf 67' lang='lat' dir='ltr'>tirum,</span> <span class='ocrx_word' id='word_1_504' title='bbox 2001 2870 2038 2920; x_wconf 90' lang='lat'>1,</span> 
     </span>
     <span class='ocr_line' id='line_1_76' title="bbox 1202 2924 2039 2975; baseline -0.007 -7"><span class='ocrx_word' id='word_1_505' title='bbox 1202 2932 1268 2972; x_wconf 77' lang='lat'>41,</span> <span class='ocrx_word' id='word_1_506' title='bbox 1301 2932 1336 2967; x_wconf 78' lang='lat'>3.</span> <span class='ocrx_word' id='word_1_507' title='bbox 1379 2953 1430 2957; x_wconf 88' lang='lat'>—</span> <span class='ocrx_word' id='word_1_508' title='bbox 1469 2928 1523 2975; x_wconf 71' lang='lat' dir='ltr'>id,</span> <span class='ocrx_word' id='word_1_509' title='bbox 1564 2928 1656 2966; x_wconf 63' lang='lat' dir='ltr'>weil</span> <span class='ocrx_word' id='word_1_510' title='bbox 1689 2928 1754 2966; x_wconf 83' lang='lat' dir='ltr'>ein</span> <span class='ocrx_word' id='word_1_511' title='bbox 1779 2939 1884 2974; x_wconf 73' lang='lat' dir='ltr'>ganz</span> <span class='ocrx_word' id='word_1_512' title='bbox 1905 2924 2039 2975; x_wconf 80' lang='lat' dir='ltr'>allge-</span> 
     </span>
     <span class='ocr_line' id='line_1_77' title="bbox 1203 2982 2038 3029; baseline -0.005 -5"><span class='ocrx_word' id='word_1_513' title='bbox 1203 2986 1376 3029; x_wconf 76' lang='lat' dir='ltr'>meiner,</span> <span class='ocrx_word' id='word_1_514' title='bbox 1397 2985 1509 3024; x_wconf 86' lang='lat' dir='ltr'>nicht</span> <span class='ocrx_word' id='word_1_515' title='bbox 1526 2982 1681 3023; x_wconf 75' lang='lat' dir='ltr'>aufdas</span> <span class='ocrx_word' id='word_1_516' title='bbox 1698 2984 1888 3029; x_wconf 66' lang='lat' dir='ltr'>vorherg.</span> <span class='ocrx_word' id='word_1_517' title='bbox 1902 2984 2038 3020; x_wconf 78' lang='lat' dir='ltr'>virum</span> 
     </span>
     <span class='ocr_line' id='line_1_78' title="bbox 1204 3037 2039 3091; baseline -0.006 -10"><span class='ocrx_word' id='word_1_518' title='bbox 1204 3057 1229 3081; x_wconf 91' lang='lat' dir='ltr'>u</span> <span class='ocrx_word' id='word_1_519' title='bbox 1268 3043 1340 3081; x_wconf 83' lang='lat' dir='ltr'>das</span> <span class='ocrx_word' id='word_1_520' title='bbox 1364 3042 1458 3091; x_wconf 78' lang='lat' dir='ltr'>t&#39;olg.</span> <span class='ocrx_word' id='word_1_521' title='bbox 1485 3040 1689 3080; x_wconf 69' lang='lat' dir='ltr'>consulem</span> <span class='ocrx_word' id='word_1_522' title='bbox 1712 3037 2039 3086; x_wconf 64' lang='lat' dir='ltr'>zui-iivkgcfiihr-</span> 
     </span>
     <span class='ocr_line' id='line_1_79' title="bbox 1204 3095 2038 3138; baseline -0.007 0"><span class='ocrx_word' id='word_1_523' title='bbox 1204 3106 1270 3138; x_wconf 80' lang='lat' dir='ltr'>ter</span> <span class='ocrx_word' id='word_1_524' title='bbox 1309 3101 1386 3137; x_wconf 84' lang='lat' dir='ltr'>und</span> <span class='ocrx_word' id='word_1_525' title='bbox 1426 3099 1609 3137; x_wconf 75' lang='lat' dir='ltr'>‹indui-ch</span> <span class='ocrx_word' id='word_1_526' title='bbox 1643 3096 1939 3135; x_wconf 71' lang='lat' dir='ltr'>b‹·sclii·&#39;:inkter</span> <span class='ocrx_word' id='word_1_527' title='bbox 1963 3095 2038 3133; x_wconf 72' lang='grc' dir='ltr'>Βε-</span> 
     </span>
     <span class='ocr_line' id='line_1_80' title="bbox 1205 3150 2039 3204; baseline -0.005 -11"><span class='ocrx_word' id='word_1_528' title='bbox 1205 3156 1304 3204; x_wconf 77' lang='lat' dir='ltr'>grill&#39;</span> <span class='ocrx_word' id='word_1_529' title='bbox 1343 3155 1519 3203; x_wconf 68' lang='lat' dir='ltr'>godai-ht</span> <span class='ocrx_word' id='word_1_530' title='bbox 1560 3156 1726 3192; x_wconf 60' lang='lat' dir='ltr'>werdo-n</span> <span class='ocrx_word' id='word_1_531' title='bbox 1764 3153 1870 3201; x_wconf 76' lang='lat' dir='ltr'>soll,</span> <span class='ocrx_word' id='word_1_532' title='bbox 1910 3150 2039 3190; x_wconf 84' lang='lat' dir='ltr'>daher</span> 
     </span>
     <span class='ocr_line' id='line_1_81' title="bbox 1206 3208 2042 3263; baseline -0.004 -14"><span class='ocrx_word' id='word_1_533' title='bbox 1206 3213 1319 3249; x_wconf 84' lang='lat' dir='ltr'>nicht</span> <span class='ocrx_word' id='word_1_534' title='bbox 1340 3225 1450 3250; x_wconf 76' lang='lat' dir='ltr'>eam.</span> <span class='ocrx_word' id='word_1_535' title='bbox 1469 3234 1520 3239; x_wconf 94' lang='lat'>—</span> <span class='ocrx_word' id='word_1_536' title='bbox 1537 3209 1637 3261; x_wconf 71' lang='lat' dir='ltr'>quid</span> <span class='ocrx_word' id='word_1_537' title='bbox 1655 3221 1768 3263; x_wconf 78' lang='lat' dir='ltr'>ergo,</span> <span class='ocrx_word' id='word_1_538' title='bbox 1790 3214 1909 3248; x_wconf 84' lang='lat' dir='ltr'>soust</span> <span class='ocrx_word' id='word_1_539' title='bbox 1924 3208 2042 3247; x_wconf 77' lang='lat' dir='ltr'>mehr</span> 
     </span>
    </p>
   </div>
  </div>
 </body>
</html>
