<?xml version="1.0" encoding="UTF-8"?>
<!DOCTYPE html PUBLIC "-//W3C//DTD XHTML 1.0 Transitional//EN"
    "http://www.w3.org/TR/xhtml1/DTD/xhtml1-transitional.dtd">
<html xmlns="http://www.w3.org/1999/xhtml" xml:lang="en" lang="en">
 <head>
  <title>
</title>
<meta http-equiv="Content-Type" content="text/html;charset=utf-8" />
  <meta name='ocr-system' content='tesseract 3.04.00' />
  <meta name='ocr-capabilities' content='ocr_page ocr_carea ocr_par ocr_line ocrx_word'/>
</head>
<body>
  <div class='ocr_page' id='page_1' title='image "./aburbeconditali01livy_0653.png"; bbox 0 0 2221 3537; ppageno 0'>
   <div class='ocr_carea' id='block_1_1' title="bbox 9 0 83 145">
    <p class='ocr_par' dir='ltr' id='par_1_1' title="bbox 9 0 83 145">
     <span class='ocr_line' id='line_1_1' title="bbox 9 0 83 65; baseline -0.081 0"><span class='ocrx_word' id='word_1_1' title='bbox 9 0 83 65; x_wconf 48' lang='grc' dir='ltr'>’ἐν</span> 
     </span>
     <span class='ocr_line' id='line_1_2' title="bbox 44 123 66 145; baseline 0 0"><span class='ocrx_word' id='word_1_2' title='bbox 44 123 66 145; x_wconf 64' lang='lat' dir='ltr'>k</span> 
     </span>
    </p>
   </div>
   <div class='ocr_carea' id='block_1_2' title="bbox 619 217 1264 260">
    <p class='ocr_par' dir='ltr' id='par_1_2' title="bbox 619 217 1264 260">
     <span class='ocr_line' id='line_1_3' title="bbox 619 217 1264 260; baseline -0.002 0"><span class='ocrx_word' id='word_1_3' title='bbox 619 218 776 260; x_wconf 78' lang='lat' dir='ltr'>LIBER</span> <span class='ocrx_word' id='word_1_4' title='bbox 810 217 880 260; x_wconf 84' lang='lat' dir='ltr'>lv.</span> <span class='ocrx_word' id='word_1_5' title='bbox 943 219 1060 259; x_wconf 73' lang='lat' dir='ltr'>CAP.</span> <span class='ocrx_word' id='word_1_6' title='bbox 1095 220 1162 258; x_wconf 68' lang='lat'>53.</span> <span class='ocrx_word' id='word_1_7' title='bbox 1198 221 1264 259; x_wconf 76' lang='lat'>59.</span> 
     </span>
    </p>
   </div>
   <div class='ocr_carea' id='block_1_3' title="bbox 59 222 1820 270">
    <p class='ocr_par' dir='ltr' id='par_1_3' title="bbox 59 222 1820 270">
     <span class='ocr_line' id='line_1_4' title="bbox 59 222 1820 270; baseline 0.001 -2"><span class='ocrx_word' id='word_1_8' title='bbox 59 243 95 269; x_wconf 66' lang='lat' dir='ltr'>a.</span> <span class='ocrx_word' id='word_1_9' title='bbox 121 232 189 267; x_wconf 68' lang='lat' dir='ltr'>on.</span> <span class='ocrx_word' id='word_1_10' title='bbox 214 234 291 267; x_wconf 78' lang='lat'><strong>406.</strong></span> <span class='ocrx_word' id='word_1_11' title='bbox 1721 222 1820 270; x_wconf 82' lang='lat'>255</span> 
     </span>
    </p>
   </div>
   <div class='ocr_carea' id='block_1_4' title="bbox 51 345 1920 1964">
    <p class='ocr_par' dir='ltr' id='par_1_4' title="bbox 58 345 1920 548">
     <span class='ocr_line' id='line_1_5' title="bbox 58 345 1821 416; baseline -0.002 -16"><span class='ocrx_word' id='word_1_12' title='bbox 58 349 368 415; x_wconf 82' lang='lat' dir='ltr'>suscipiendo</span> <span class='ocrx_word' id='word_1_13' title='bbox 413 346 556 416; x_wconf 78' lang='lat' dir='ltr'>bello,</span> <span class='ocrx_word' id='word_1_14' title='bbox 601 347 850 410; x_wconf 82' lang='lat' dir='ltr'>profertur</span> <span class='ocrx_word' id='word_1_15' title='bbox 885 352 1077 410; x_wconf 88' lang='lat' dir='ltr'>tempus</span> <span class='ocrx_word' id='word_1_16' title='bbox 1111 345 1342 394; x_wconf 86' lang='lat' dir='ltr'>ferundae</span> <span class='ocrx_word' id='word_1_17' title='bbox 1378 348 1518 410; x_wconf 85' lang='lat' dir='ltr'>legis,</span> <span class='ocrx_word' id='word_1_18' title='bbox 1566 363 1737 412; x_wconf 86' lang='lat' dir='ltr'>quam,</span> <span class='ocrx_word' id='word_1_19' title='bbox 1782 348 1821 397; x_wconf 89' lang='lat' dir='ltr'>si</span> 
     </span>
     <span class='ocr_line' id='line_1_6' title="bbox 60 415 1240 480; baseline -0.006 -9"><span class='ocrx_word' id='word_1_20' title='bbox 60 420 274 471; x_wconf 80' lang='lat' dir='ltr'>subiecta</span> <span class='ocrx_word' id='word_1_21' title='bbox 301 417 504 468; x_wconf 83' lang='lat' dir='ltr'>invidiae</span> <span class='ocrx_word' id='word_1_22' title='bbox 528 424 672 474; x_wconf 85' lang='lat' dir='ltr'>esset,</span> <span class='ocrx_word' id='word_1_23' title='bbox 699 416 935 480; x_wconf 79' lang='lat' dir='ltr'>antiquari</span> <span class='ocrx_word' id='word_1_24' title='bbox 964 415 1240 479; x_wconf 76' lang='lat' dir='ltr'>apparebat.</span> 
     </span>
     <span class='ocr_line' id='line_1_7' title="bbox 197 487 1920 548; baseline -0.001 -8"><span class='ocrx_word' id='word_1_25' title='bbox 197 489 396 540; x_wconf 78' lang='lat' dir='ltr'>Interim</span> <span class='ocrx_word' id='word_1_26' title='bbox 423 487 645 536; x_wconf 92' lang='lat' dir='ltr'>tribunos</span> <span class='ocrx_word' id='word_1_27' title='bbox 675 488 877 536; x_wconf 90' lang='lat' dir='ltr'>militum</span> <span class='ocrx_word' id='word_1_28' title='bbox 900 487 953 534; x_wconf 81' lang='lat' dir='ltr'>in</span> <span class='ocrx_word' id='word_1_29' title='bbox 985 487 1209 534; x_wconf 87' lang='lat' dir='ltr'>Volscum</span> <span class='ocrx_word' id='word_1_30' title='bbox 1239 501 1406 548; x_wconf 83' lang='lat' dir='ltr'>agrum</span> <span class='ocrx_word' id='word_1_31' title='bbox 1437 488 1611 536; x_wconf 78' lang='lat' dir='ltr'>ducere</span> <span class='ocrx_word' id='word_1_32' title='bbox 1637 489 1817 538; x_wconf 80' lang='lat' dir='ltr'>exerci-</span> <span class='ocrx_word' id='word_1_33' title='bbox 1855 490 1920 539; x_wconf 73' lang='lat'>5⁹</span> 
     </span>
    </p>

    <p class='ocr_par' dir='ltr' id='par_1_5' title="bbox 51 557 1882 1964">
     <span class='ocr_line' id='line_1_8' title="bbox 57 557 1879 625; baseline -0.003 -13"><span class='ocrx_word' id='word_1_34' title='bbox 57 567 159 612; x_wconf 81' lang='lat' dir='ltr'>tum</span> <span class='ocrx_word' id='word_1_35' title='bbox 194 558 396 625; x_wconf 73' lang='lat' dir='ltr'>placuit3</span> <span class='ocrx_word' id='word_1_36' title='bbox 430 558 514 606; x_wconf 90' lang='lat' dir='ltr'>Cn.</span> <span class='ocrx_word' id='word_1_37' title='bbox 549 558 803 607; x_wconf 84' lang='lat' dir='ltr'>Cornelius</span> <span class='ocrx_word' id='word_1_38' title='bbox 840 573 965 606; x_wconf 88' lang='lat' dir='ltr'>unus</span> <span class='ocrx_word' id='word_1_39' title='bbox 1003 557 1189 605; x_wconf 80' lang='lat' dir='ltr'>Romae</span> <span class='ocrx_word' id='word_1_40' title='bbox 1224 557 1435 605; x_wconf 74' lang='lat' dir='ltr'>relictus.</span> <span class='ocrx_word' id='word_1_41' title='bbox 1492 566 1586 605; x_wconf 79' lang='lat' dir='ltr'>tres</span> <span class='ocrx_word' id='word_1_42' title='bbox 1622 559 1818 610; x_wconf 77' lang='lat' dir='ltr'>tribuni,</span> <span class='ocrx_word' id='word_1_43' title='bbox 1856 569 1879 607; x_wconf 87' lang='lat'>2</span> 
     </span>
     <span class='ocr_line' id='line_1_9' title="bbox 53 628 1820 697; baseline -0.002 -16"><span class='ocrx_word' id='word_1_44' title='bbox 53 636 319 697; x_wconf 77' lang='lat' dir='ltr'><strong>postquam</strong></span> <span class='ocrx_word' id='word_1_45' title='bbox 348 628 478 677; x_wconf 93' lang='lat' dir='ltr'>nullo</span> <span class='ocrx_word' id='word_1_46' title='bbox 506 628 612 677; x_wconf 92' lang='lat' dir='ltr'>loco</span> <span class='ocrx_word' id='word_1_47' title='bbox 641 635 796 677; x_wconf 88' lang='lat' dir='ltr'>castra</span> <span class='ocrx_word' id='word_1_48' title='bbox 821 628 1105 676; x_wconf 85' lang='lat' dir='ltr'>Volscorum</span> <span class='ocrx_word' id='word_1_49' title='bbox 1136 642 1244 674; x_wconf 83' lang='lat' dir='ltr'>esse</span> <span class='ocrx_word' id='word_1_50' title='bbox 1272 642 1359 675; x_wconf 87' lang='lat' dir='ltr'>nec</span> <span class='ocrx_word' id='word_1_51' title='bbox 1386 629 1741 677; x_wconf 82' lang='lat' dir='ltr'>commissuros</span> <span class='ocrx_word' id='word_1_52' title='bbox 1769 647 1820 677; x_wconf 86' lang='lat' dir='ltr'>se</span> 
     </span>
     <span class='ocr_line' id='line_1_10' title="bbox 54 698 1878 767; baseline -0.002 -17"><span class='ocrx_word' id='word_1_53' title='bbox 54 700 242 767; x_wconf 85' lang='lat' dir='ltr'>proelio</span> <span class='ocrx_word' id='word_1_54' title='bbox 267 699 505 764; x_wconf 87' lang='lat' dir='ltr'>apparuit,</span> <span class='ocrx_word' id='word_1_55' title='bbox 533 699 774 763; x_wconf 84' lang='lat' dir='ltr'>tripertito</span> <span class='ocrx_word' id='word_1_56' title='bbox 803 699 858 747; x_wconf 88' lang='lat' dir='ltr'>ad</span> <span class='ocrx_word' id='word_1_57' title='bbox 887 698 1208 746; x_wconf 85' lang='lat' dir='ltr'>devastandos</span> <span class='ocrx_word' id='word_1_58' title='bbox 1237 700 1357 746; x_wconf 82' lang='lat' dir='ltr'>tines</span> <span class='ocrx_word' id='word_1_59' title='bbox 1387 698 1670 746; x_wconf 77' lang='lat' dir='ltr'>discessere.</span> <span class='ocrx_word' id='word_1_60' title='bbox 1726 701 1820 747; x_wconf 79' lang='lat' dir='ltr'>Va-</span> <span class='ocrx_word' id='word_1_61' title='bbox 1855 707 1878 746; x_wconf 87' lang='grc'>3</span> 
     </span>
     <span class='ocr_line' id='line_1_11' title="bbox 51 768 1822 834; baseline -0.002 -13"><span class='ocrx_word' id='word_1_62' title='bbox 51 771 200 822; x_wconf 83' lang='lat' dir='ltr'>lerius</span> <span class='ocrx_word' id='word_1_63' title='bbox 220 770 418 820; x_wconf 78' lang='lat' dir='ltr'>Antium</span> <span class='ocrx_word' id='word_1_64' title='bbox 441 770 573 834; x_wconf 87' lang='lat' dir='ltr'>petit,</span> <span class='ocrx_word' id='word_1_65' title='bbox 601 769 853 818; x_wconf 77' lang='lat' dir='ltr'>Cornelius</span> <span class='ocrx_word' id='word_1_66' title='bbox 874 769 1094 825; x_wconf 78' lang='lat' dir='ltr'>Ecetras3</span> <span class='ocrx_word' id='word_1_67' title='bbox 1123 783 1428 832; x_wconf 85' lang='lat' dir='ltr'>quacumque</span> <span class='ocrx_word' id='word_1_68' title='bbox 1451 768 1711 825; x_wconf 83' lang='lat' dir='ltr'>incessere,</span> <span class='ocrx_word' id='word_1_69' title='bbox 1732 770 1822 817; x_wconf 89' lang='lat' dir='ltr'>late</span> 
     </span>
     <span class='ocr_line' id='line_1_12' title="bbox 55 839 1819 908; baseline -0.002 -17"><span class='ocrx_word' id='word_1_70' title='bbox 55 841 274 908; x_wconf 88' lang='lat' dir='ltr'>populati</span> <span class='ocrx_word' id='word_1_71' title='bbox 295 847 410 889; x_wconf 93' lang='lat' dir='ltr'>sunt</span> <span class='ocrx_word' id='word_1_72' title='bbox 429 847 551 889; x_wconf 86' lang='lat' dir='ltr'>tecta</span> <span class='ocrx_word' id='word_1_73' title='bbox 573 855 829 903; x_wconf 83' lang='lat' dir='ltr'>agrosque,</span> <span class='ocrx_word' id='word_1_74' title='bbox 850 846 903 888; x_wconf 91' lang='lat' dir='ltr'>ut</span> <span class='ocrx_word' id='word_1_75' title='bbox 923 839 1209 888; x_wconf 77' lang='lat' dir='ltr'>distinerent</span> <span class='ocrx_word' id='word_1_76' title='bbox 1233 839 1453 896; x_wconf 46' lang='lat' dir='ltr'>Volsco&amp;</span> <span class='ocrx_word' id='word_1_77' title='bbox 1476 839 1669 894; x_wconf 79' lang='lat' dir='ltr'>Fabius,</span> <span class='ocrx_word' id='word_1_78' title='bbox 1692 840 1819 903; x_wconf 81' lang='lat' dir='ltr'>quod</span> 
     </span>
     <span class='ocr_line' id='line_1_13' title="bbox 55 910 1820 977; baseline -0.003 -14"><span class='ocrx_word' id='word_1_79' title='bbox 55 911 263 962; x_wconf 81' lang='lat' dir='ltr'>maxime</span> <span class='ocrx_word' id='word_1_80' title='bbox 289 911 551 977; x_wconf 80' lang='lat' dir='ltr'>petebatur,</span> <span class='ocrx_word' id='word_1_81' title='bbox 579 911 636 959; x_wconf 89' lang='lat' dir='ltr'>ad</span> <span class='ocrx_word' id='word_1_82' title='bbox 659 912 824 959; x_wconf 79' lang='lat' dir='ltr'>Anxur</span> <span class='ocrx_word' id='word_1_83' title='bbox 851 911 1234 975; x_wconf 88' lang='lat' dir='ltr'>oppugnandum</span> <span class='ocrx_word' id='word_1_84' title='bbox 1263 911 1364 958; x_wconf 91' lang='lat' dir='ltr'>sine</span> <span class='ocrx_word' id='word_1_85' title='bbox 1392 910 1482 959; x_wconf 89' lang='lat' dir='ltr'>ulla</span> <span class='ocrx_word' id='word_1_86' title='bbox 1508 911 1820 974; x_wconf 78' lang='lat' dir='ltr'>populatione</span> 
     </span>
     <span class='ocr_line' id='line_1_14' title="bbox 55 981 1882 1045; baseline -0.002 -13"><span class='ocrx_word' id='word_1_87' title='bbox 55 982 272 1032; x_wconf 85' lang='lat' dir='ltr'>accessit.</span> <span class='ocrx_word' id='word_1_88' title='bbox 325 983 490 1030; x_wconf 82' lang='lat' dir='ltr'>Anxur</span> <span class='ocrx_word' id='word_1_89' title='bbox 514 981 627 1037; x_wconf 82' lang='lat' dir='ltr'>suit,</span> <span class='ocrx_word' id='word_1_90' title='bbox 657 997 776 1044; x_wconf 82' lang='lat' dir='ltr'>quae</span> <span class='ocrx_word' id='word_1_91' title='bbox 804 996 934 1030; x_wconf 88' lang='lat' dir='ltr'>nunc</span> <span class='ocrx_word' id='word_1_92' title='bbox 959 982 1244 1029; x_wconf 87' lang='lat' dir='ltr'>Tarracinae</span> <span class='ocrx_word' id='word_1_93' title='bbox 1272 988 1408 1037; x_wconf 85' lang='lat' dir='ltr'>sunt,</span> <span class='ocrx_word' id='word_1_94' title='bbox 1446 981 1559 1028; x_wconf 87' lang='lat' dir='ltr'>urbs</span> <span class='ocrx_word' id='word_1_95' title='bbox 1589 995 1742 1045; x_wconf 90' lang='lat' dir='ltr'>prona</span> <span class='ocrx_word' id='word_1_96' title='bbox 1772 981 1819 1029; x_wconf 92' lang='lat' dir='ltr'>in</span> <span class='ocrx_word' id='word_1_97' title='bbox 1857 990 1882 1029; x_wconf 72' lang='lat'>«1</span> 
     </span>
     <span class='ocr_line' id='line_1_15' title="bbox 53 1052 1880 1118; baseline -0.002 -15"><span class='ocrx_word' id='word_1_98' title='bbox 53 1052 268 1118; x_wconf 84' lang='lat' dir='ltr'>paludes.</span> <span class='ocrx_word' id='word_1_99' title='bbox 321 1052 379 1101; x_wconf 89' lang='lat' dir='ltr'>ab</span> <span class='ocrx_word' id='word_1_100' title='bbox 412 1068 466 1100; x_wconf 85' lang='lat' dir='ltr'>ea</span> <span class='ocrx_word' id='word_1_101' title='bbox 502 1059 638 1115; x_wconf 86' lang='lat' dir='ltr'>parte</span> <span class='ocrx_word' id='word_1_102' title='bbox 667 1052 842 1101; x_wconf 83' lang='lat' dir='ltr'>Fabius</span> <span class='ocrx_word' id='word_1_103' title='bbox 881 1053 1297 1116; x_wconf 78' lang='lat' dir='ltr'>oppugnationem</span> <span class='ocrx_word' id='word_1_104' title='bbox 1328 1052 1553 1099; x_wconf 80' lang='lat' dir='ltr'>ostendit.</span> <span class='ocrx_word' id='word_1_105' title='bbox 1610 1052 1819 1099; x_wconf 85' lang='lat' dir='ltr'>circnm-</span> <span class='ocrx_word' id='word_1_106' title='bbox 1857 1060 1880 1098; x_wconf 87' lang='lat'>5</span> 
     </span>
     <span class='ocr_line' id='line_1_16' title="bbox 54 1121 1819 1187; baseline -0.002 -14"><span class='ocrx_word' id='word_1_107' title='bbox 54 1124 235 1173; x_wconf 84' lang='lat' dir='ltr'>missae</span> <span class='ocrx_word' id='word_1_108' title='bbox 262 1130 490 1187; x_wconf 83' lang='lat' dir='ltr'>quattuor</span> <span class='ocrx_word' id='word_1_109' title='bbox 516 1123 743 1172; x_wconf 86' lang='lat' dir='ltr'>cobortes</span> <span class='ocrx_word' id='word_1_110' title='bbox 773 1139 883 1171; x_wconf 87' lang='lat' dir='ltr'>cum</span> <span class='ocrx_word' id='word_1_111' title='bbox 908 1126 955 1170; x_wconf 71' lang='lat' dir='ltr'>(j.</span> <span class='ocrx_word' id='word_1_112' title='bbox 979 1123 1177 1171; x_wconf 83' lang='lat' dir='ltr'>Servilio</span> <span class='ocrx_word' id='word_1_113' title='bbox 1201 1121 1348 1170; x_wconf 77' lang='lat' dir='ltr'>Abala</span> <span class='ocrx_word' id='word_1_114' title='bbox 1371 1137 1481 1169; x_wconf 88' lang='lat' dir='ltr'>cum</span> <span class='ocrx_word' id='word_1_115' title='bbox 1506 1122 1819 1170; x_wconf 78' lang='lat' dir='ltr'>inminentem</span> 
     </span>
     <span class='ocr_line' id='line_1_17' title="bbox 52 1192 1821 1257; baseline -0.002 -13"><span class='ocrx_word' id='word_1_116' title='bbox 52 1194 162 1244; x_wconf 91' lang='lat' dir='ltr'>urbi</span> <span class='ocrx_word' id='word_1_117' title='bbox 182 1193 352 1244; x_wconf 85' lang='lat' dir='ltr'>collem</span> <span class='ocrx_word' id='word_1_118' title='bbox 375 1194 632 1257; x_wconf 85' lang='lat' dir='ltr'>cepissent,</span> <span class='ocrx_word' id='word_1_119' title='bbox 660 1209 715 1242; x_wconf 90' lang='lat' dir='ltr'>ex</span> <span class='ocrx_word' id='word_1_120' title='bbox 737 1194 843 1242; x_wconf 90' lang='lat' dir='ltr'>loco</span> <span class='ocrx_word' id='word_1_121' title='bbox 865 1193 1049 1250; x_wconf 85' lang='lat' dir='ltr'>altiore,</span> <span class='ocrx_word' id='word_1_122' title='bbox 1070 1208 1162 1256; x_wconf 83' lang='lat' dir='ltr'>qua</span> <span class='ocrx_word' id='word_1_123' title='bbox 1184 1192 1367 1241; x_wconf 89' lang='lat' dir='ltr'>nullum</span> <span class='ocrx_word' id='word_1_124' title='bbox 1390 1198 1491 1239; x_wconf 89' lang='lat' dir='ltr'>erat</span> <span class='ocrx_word' id='word_1_125' title='bbox 1514 1193 1821 1255; x_wconf 86' lang='lat' dir='ltr'>praesidium,</span> 
     </span>
     <span class='ocr_line' id='line_1_18' title="bbox 51 1262 1881 1328; baseline -0.001 -15"><span class='ocrx_word' id='word_1_126' title='bbox 51 1264 236 1328; x_wconf 86' lang='lat' dir='ltr'>ingenti</span> <span class='ocrx_word' id='word_1_127' title='bbox 270 1264 480 1312; x_wconf 88' lang='lat' dir='ltr'>clamore</span> <span class='ocrx_word' id='word_1_128' title='bbox 512 1279 566 1312; x_wconf 88' lang='lat' dir='ltr'>ac</span> <span class='ocrx_word' id='word_1_129' title='bbox 600 1263 814 1312; x_wconf 85' lang='lat' dir='ltr'>tumultu</span> <span class='ocrx_word' id='word_1_130' title='bbox 853 1263 1043 1311; x_wconf 90' lang='lat' dir='ltr'>moenia</span> <span class='ocrx_word' id='word_1_131' title='bbox 1077 1263 1311 1310; x_wconf 85' lang='lat' dir='ltr'>invasere.</span> <span class='ocrx_word' id='word_1_132' title='bbox 1365 1262 1422 1309; x_wconf 92' lang='lat' dir='ltr'>ad</span> <span class='ocrx_word' id='word_1_133' title='bbox 1462 1277 1603 1325; x_wconf 85' lang='lat' dir='ltr'>quem</span> <span class='ocrx_word' id='word_1_134' title='bbox 1633 1262 1818 1311; x_wconf 89' lang='lat' dir='ltr'>tumul·</span> <span class='ocrx_word' id='word_1_135' title='bbox 1857 1272 1881 1311; x_wconf 88' lang='grc'><strong>6</strong></span> 
     </span>
     <span class='ocr_line' id='line_1_19' title="bbox 52 1332 1824 1397; baseline -0.002 -13"><span class='ocrx_word' id='word_1_136' title='bbox 52 1340 158 1384; x_wconf 86' lang='lat' dir='ltr'>tum</span> <span class='ocrx_word' id='word_1_137' title='bbox 187 1333 507 1397; x_wconf 86' lang='lat' dir='ltr'>obstupefacti</span> <span class='ocrx_word' id='word_1_138' title='bbox 535 1334 615 1397; x_wconf 88' lang='lat' dir='ltr'>qui</span> <span class='ocrx_word' id='word_1_139' title='bbox 644 1334 876 1382; x_wconf 87' lang='lat' dir='ltr'>adversus</span> <span class='ocrx_word' id='word_1_140' title='bbox 899 1333 1098 1382; x_wconf 86' lang='lat' dir='ltr'>Fabium</span> <span class='ocrx_word' id='word_1_141' title='bbox 1126 1332 1294 1381; x_wconf 83' lang='lat' dir='ltr'>urbem</span> <span class='ocrx_word' id='word_1_142' title='bbox 1324 1332 1541 1380; x_wconf 80' lang='lat' dir='ltr'>infimam</span> <span class='ocrx_word' id='word_1_143' title='bbox 1566 1332 1824 1381; x_wconf 90' lang='lat' dir='ltr'>tuebantur</span> 
     </span>
     <span class='ocr_line' id='line_1_20' title="bbox 52 1402 1819 1468; baseline -0.002 -13"><span class='ocrx_word' id='word_1_144' title='bbox 52 1405 213 1455; x_wconf 88' lang='lat' dir='ltr'>locum</span> <span class='ocrx_word' id='word_1_145' title='bbox 242 1404 414 1453; x_wconf 86' lang='lat' dir='ltr'>dedere</span> <span class='ocrx_word' id='word_1_146' title='bbox 442 1403 596 1453; x_wconf 88' lang='lat' dir='ltr'>scalas</span> <span class='ocrx_word' id='word_1_147' title='bbox 624 1404 936 1462; x_wconf 65' lang='lat' dir='ltr'>admovendi,</span> <span class='ocrx_word' id='word_1_148' title='bbox 965 1404 1200 1468; x_wconf 87' lang='lat' dir='ltr'>plenaque</span> <span class='ocrx_word' id='word_1_149' title='bbox 1227 1402 1442 1452; x_wconf 89' lang='lat' dir='ltr'>bostium</span> <span class='ocrx_word' id='word_1_150' title='bbox 1473 1411 1642 1452; x_wconf 76' lang='lat' dir='ltr'>cuncta</span> <span class='ocrx_word' id='word_1_151' title='bbox 1670 1410 1819 1459; x_wconf 88' lang='lat' dir='ltr'>erant,</span> 
     </span>
     <span class='ocr_line' id='line_1_21' title="bbox 53 1474 1820 1540; baseline -0.001 -15"><span class='ocrx_word' id='word_1_152' title='bbox 53 1482 100 1525; x_wconf 87' lang='lat' dir='ltr'>et</span> <span class='ocrx_word' id='word_1_153' title='bbox 131 1474 314 1524; x_wconf 86' lang='lat' dir='ltr'>inmitis</span> <span class='ocrx_word' id='word_1_154' title='bbox 351 1474 431 1524; x_wconf 94' lang='lat' dir='ltr'>diu</span> <span class='ocrx_word' id='word_1_155' title='bbox 462 1475 634 1524; x_wconf 87' lang='lat' dir='ltr'>caedes</span> <span class='ocrx_word' id='word_1_156' title='bbox 662 1475 840 1540; x_wconf 87' lang='lat' dir='ltr'>pariter</span> <span class='ocrx_word' id='word_1_157' title='bbox 865 1475 1153 1538; x_wconf 84' lang='lat' dir='ltr'>fugientium</span> <span class='ocrx_word' id='word_1_158' title='bbox 1183 1490 1236 1522; x_wconf 92' lang='lat' dir='ltr'>ac</span> <span class='ocrx_word' id='word_1_159' title='bbox 1263 1474 1621 1529; x_wconf 86' lang='lat' dir='ltr'>resistentium,</span> <span class='ocrx_word' id='word_1_160' title='bbox 1658 1490 1820 1523; x_wconf 88' lang='lat' dir='ltr'>arma-</span> 
     </span>
     <span class='ocr_line' id='line_1_22' title="bbox 52 1544 1882 1609; baseline -0.001 -14"><span class='ocrx_word' id='word_1_161' title='bbox 52 1553 215 1596; x_wconf 90' lang='lat' dir='ltr'>torum</span> <span class='ocrx_word' id='word_1_162' title='bbox 243 1551 383 1609; x_wconf 87' lang='lat' dir='ltr'>atquc</span> <span class='ocrx_word' id='word_1_163' title='bbox 409 1545 667 1594; x_wconf 85' lang='lat' dir='ltr'>inermium</span> <span class='ocrx_word' id='word_1_164' title='bbox 695 1545 799 1594; x_wconf 88' lang='lat' dir='ltr'>fuit.</span> <span class='ocrx_word' id='word_1_165' title='bbox 844 1545 1139 1609; x_wconf 78' lang='lat' dir='ltr'>cogebantur</span> <span class='ocrx_word' id='word_1_166' title='bbox 1165 1546 1324 1608; x_wconf 83' lang='lat' dir='ltr'>itaque</span> <span class='ocrx_word' id='word_1_167' title='bbox 1352 1544 1476 1599; x_wconf 82' lang='lat' dir='ltr'>victi,</span> <span class='ocrx_word' id='word_1_168' title='bbox 1507 1545 1615 1607; x_wconf 82' lang='lat' dir='ltr'>quia</span> <span class='ocrx_word' id='word_1_169' title='bbox 1643 1545 1818 1593; x_wconf 85' lang='lat' dir='ltr'>ceden-</span> <span class='ocrx_word' id='word_1_170' title='bbox 1860 1557 1882 1594; x_wconf 85' lang='lat'>7</span> 
     </span>
     <span class='ocr_line' id='line_1_23' title="bbox 51 1615 1819 1680; baseline -0.001 -14"><span class='ocrx_word' id='word_1_171' title='bbox 51 1617 186 1666; x_wconf 87' lang='lat' dir='ltr'>tibus</span> <span class='ocrx_word' id='word_1_172' title='bbox 213 1619 318 1680; x_wconf 88' lang='lat' dir='ltr'>spei</span> <span class='ocrx_word' id='word_1_173' title='bbox 346 1616 463 1664; x_wconf 90' lang='lat' dir='ltr'>nibil</span> <span class='ocrx_word' id='word_1_174' title='bbox 490 1623 612 1673; x_wconf 88' lang='lat' dir='ltr'>erat,</span> <span class='ocrx_word' id='word_1_175' title='bbox 652 1631 866 1680; x_wconf 87' lang='lat' dir='ltr'>pugnam</span> <span class='ocrx_word' id='word_1_176' title='bbox 895 1616 1038 1675; x_wconf 87' lang='lat' dir='ltr'>inire,</span> <span class='ocrx_word' id='word_1_177' title='bbox 1074 1632 1182 1664; x_wconf 77' lang='lat' dir='ltr'>cun]</span> <span class='ocrx_word' id='word_1_178' title='bbox 1210 1615 1578 1679; x_wconf 87' lang='lat' dir='ltr'>pronuntiatum</span> <span class='ocrx_word' id='word_1_179' title='bbox 1609 1622 1819 1678; x_wconf 79' lang='lat' dir='ltr'>repente,</span> 
     </span>
     <span class='ocr_line' id='line_1_24' title="bbox 53 1686 1821 1752; baseline -0.002 -15"><span class='ocrx_word' id='word_1_180' title='bbox 53 1703 114 1737; x_wconf 91' lang='lat' dir='ltr'>ne</span> <span class='ocrx_word' id='word_1_181' title='bbox 151 1687 258 1752; x_wconf 79' lang='lat' dir='ltr'>quis</span> <span class='ocrx_word' id='word_1_182' title='bbox 286 1695 475 1751; x_wconf 88' lang='lat' dir='ltr'>praeter</span> <span class='ocrx_word' id='word_1_183' title='bbox 501 1694 717 1736; x_wconf 87' lang='lat' dir='ltr'>armatus</span> <span class='ocrx_word' id='word_1_184' title='bbox 744 1687 1023 1744; x_wconf 85' lang='lat' dir='ltr'>violaretur,</span> <span class='ocrx_word' id='word_1_185' title='bbox 1061 1687 1295 1750; x_wconf 84' lang='lat' dir='ltr'>reliquam</span> <span class='ocrx_word' id='word_1_186' title='bbox 1326 1700 1520 1734; x_wconf 84' lang='lat' dir='ltr'>omnem</span> <span class='ocrx_word' id='word_1_187' title='bbox 1551 1686 1821 1736; x_wconf 87' lang='lat' dir='ltr'>multitudi-</span> 
     </span>
     <span class='ocr_line' id='line_1_25' title="bbox 52 1756 1881 1822; baseline 0.001 -14"><span class='ocrx_word' id='word_1_188' title='bbox 52 1773 165 1808; x_wconf 90' lang='lat' dir='ltr'>nem</span> <span class='ocrx_word' id='word_1_189' title='bbox 191 1757 508 1806; x_wconf 86' lang='lat' dir='ltr'>voluntariam</span> <span class='ocrx_word' id='word_1_190' title='bbox 536 1757 665 1806; x_wconf 85' lang='lat' dir='ltr'>exuit</span> <span class='ocrx_word' id='word_1_191' title='bbox 689 1758 862 1815; x_wconf 83' lang='lat' dir='ltr'>armis;</span> <span class='ocrx_word' id='word_1_192' title='bbox 889 1773 1099 1822; x_wconf 84' lang='lat' dir='ltr'>qnorum</span> <span class='ocrx_word' id='word_1_193' title='bbox 1129 1758 1186 1806; x_wconf 89' lang='lat' dir='ltr'>ad</span> <span class='ocrx_word' id='word_1_194' title='bbox 1216 1757 1311 1805; x_wconf 86' lang='lat' dir='ltr'>duo</span> <span class='ocrx_word' id='word_1_195' title='bbox 1342 1757 1468 1805; x_wconf 91' lang='lat' dir='ltr'>milia</span> <span class='ocrx_word' id='word_1_196' title='bbox 1497 1764 1543 1805; x_wconf 88' lang='lat' dir='ltr'>et</span> <span class='ocrx_word' id='word_1_197' title='bbox 1569 1756 1819 1820; x_wconf 84' lang='lat' dir='ltr'>quingenti</span> <span class='ocrx_word' id='word_1_198' title='bbox 1857 1769 1881 1809; x_wconf 77' lang='lat'><em>8</em></span> 
     </span>
     <span class='ocr_line' id='line_1_26' title="bbox 51 1827 1821 1892; baseline -0.001 -15"><span class='ocrx_word' id='word_1_199' title='bbox 51 1828 142 1878; x_wconf 87' lang='lat' dir='ltr'>vivi</span> <span class='ocrx_word' id='word_1_200' title='bbox 177 1828 447 1892; x_wconf 87' lang='lat' dir='ltr'>capiuntur.</span> <span class='ocrx_word' id='word_1_201' title='bbox 500 1844 524 1877; x_wconf 90' lang='lat' dir='ltr'>a</span> <span class='ocrx_word' id='word_1_202' title='bbox 552 1835 709 1878; x_wconf 89' lang='lat' dir='ltr'>cetera</span> <span class='ocrx_word' id='word_1_203' title='bbox 737 1828 913 1892; x_wconf 89' lang='lat' dir='ltr'>praeda</span> <span class='ocrx_word' id='word_1_204' title='bbox 939 1829 1117 1878; x_wconf 85' lang='lat' dir='ltr'>Fabius</span> <span class='ocrx_word' id='word_1_205' title='bbox 1146 1827 1342 1876; x_wconf 88' lang='lat' dir='ltr'>militem</span> <span class='ocrx_word' id='word_1_206' title='bbox 1375 1827 1627 1885; x_wconf 85' lang='lat' dir='ltr'>abstinuit,</span> <span class='ocrx_word' id='word_1_207' title='bbox 1665 1828 1821 1876; x_wconf 89' lang='lat' dir='ltr'>donec</span> 
     </span>
     <span class='ocr_line' id='line_1_27' title="bbox 53 1898 1880 1964; baseline -0.001 -15"><span class='ocrx_word' id='word_1_208' title='bbox 53 1899 262 1964; x_wconf 87' lang='lat' dir='ltr'>collegae</span> <span class='ocrx_word' id='word_1_209' title='bbox 286 1899 516 1955; x_wconf 89' lang='lat' dir='ltr'>venirent,</span> <span class='ocrx_word' id='word_1_210' title='bbox 544 1899 601 1948; x_wconf 89' lang='lat' dir='ltr'>ab</span> <span class='ocrx_word' id='word_1_211' title='bbox 628 1899 717 1949; x_wconf 87' lang='lat' dir='ltr'>illis</span> <span class='ocrx_word' id='word_1_212' title='bbox 747 1915 942 1964; x_wconf 90' lang='lat' dir='ltr'>quoque</span> <span class='ocrx_word' id='word_1_213' title='bbox 962 1899 1254 1949; x_wconf 84' lang='lat' dir='ltr'>exercitibus</span> <span class='ocrx_word' id='word_1_214' title='bbox 1277 1904 1471 1962; x_wconf 88' lang='lat' dir='ltr'>captum</span> <span class='ocrx_word' id='word_1_215' title='bbox 1494 1899 1660 1947; x_wconf 77' lang='lat' dir='ltr'>Anxur</span> <span class='ocrx_word' id='word_1_216' title='bbox 1681 1898 1818 1947; x_wconf 85' lang='lat' dir='ltr'>dicti·</span> <span class='ocrx_word' id='word_1_217' title='bbox 1855 1909 1880 1949; x_wconf 88' lang='grc'>9</span> 
     </span>
    </p>
   </div>
   <div class='ocr_carea' id='block_1_5' title="bbox 51 2107 892 2612">
    <p class='ocr_par' dir='ltr' id='par_1_6' title="bbox 51 2107 892 2612">
     <span class='ocr_line' id='line_1_28' title="bbox 55 2107 891 2160; baseline -0.001 -11"><span class='ocrx_word' id='word_1_218' title='bbox 55 2110 195 2150; x_wconf 80' lang='lat' dir='ltr'>hatten</span> <span class='ocrx_word' id='word_1_219' title='bbox 206 2107 397 2150; x_wconf 76' lang='lat' dir='ltr'>dasvolk</span> <span class='ocrx_word' id='word_1_220' title='bbox 415 2121 546 2160; x_wconf 83' lang='lat' dir='ltr'>gegen</span> <span class='ocrx_word' id='word_1_221' title='bbox 566 2109 642 2149; x_wconf 88' lang='lat' dir='ltr'>den</span> <span class='ocrx_word' id='word_1_222' title='bbox 656 2108 891 2160; x_wconf 85' lang='lat' dir='ltr'>Vorscblag</span> 
     </span>
     <span class='ocr_line' id='line_1_29' title="bbox 54 2165 892 2220; baseline -0.002 -14"><span class='ocrx_word' id='word_1_223' title='bbox 54 2167 379 2216; x_wconf 79' lang='lat' dir='ltr'>eingenommen.</span> <span class='ocrx_word' id='word_1_224' title='bbox 399 2188 452 2194; x_wconf 95' lang='lat'><strong>—</strong></span> <span class='ocrx_word' id='word_1_225' title='bbox 469 2168 604 2220; x_wconf 61' lang='lat' dir='ltr'>Pl&#39;wa</span> <span class='ocrx_word' id='word_1_226' title='bbox 627 2165 666 2214; x_wconf 88' lang='lat'>3,</span> <span class='ocrx_word' id='word_1_227' title='bbox 689 2165 756 2216; x_wconf 87' lang='lat'>20,</span> <span class='ocrx_word' id='word_1_228' title='bbox 779 2166 818 2205; x_wconf 90' lang='lat'>6.</span> <span class='ocrx_word' id='word_1_229' title='bbox 836 2188 892 2194; x_wconf 88' lang='lat'><em>-</em></span> 
     </span>
     <span class='ocr_line' id='line_1_30' title="bbox 52 2221 888 2273; baseline 0 -12"><span class='ocrx_word' id='word_1_230' title='bbox 52 2221 258 2273; x_wconf 75' lang='lat' dir='ltr'>invidiae,</span> <span class='ocrx_word' id='word_1_231' title='bbox 281 2223 356 2262; x_wconf 87' lang='lat' dir='ltr'>der</span> <span class='ocrx_word' id='word_1_232' title='bbox 377 2221 627 2262; x_wconf 85' lang='lat' dir='ltr'>erbitterten</span> <span class='ocrx_word' id='word_1_233' title='bbox 643 2222 888 2272; x_wconf 85' lang='lat' dir='ltr'>Stimmung.</span> 
     </span>
     <span class='ocr_line' id='line_1_31' title="bbox 59 2278 889 2331; baseline -0.002 -12"><span class='ocrx_word' id='word_1_234' title='bbox 59 2281 367 2331; x_wconf 78' lang='lat' dir='ltr'>—ante&#39;quari,</span> <span class='ocrx_word' id='word_1_235' title='bbox 398 2278 445 2327; x_wconf 95' lang='lat'>6,</span> <span class='ocrx_word' id='word_1_236' title='bbox 477 2278 550 2326; x_wconf 81' lang='lat'>38,</span> <span class='ocrx_word' id='word_1_237' title='bbox 580 2279 628 2328; x_wconf 87' lang='lat'>5,</span> <span class='ocrx_word' id='word_1_238' title='bbox 659 2279 796 2317; x_wconf 86' lang='lat' dir='ltr'>dieses</span> <span class='ocrx_word' id='word_1_239' title='bbox 815 2291 889 2328; x_wconf 81' lang='lat' dir='ltr'>ge-</span> 
     </span>
     <span class='ocr_line' id='line_1_32' title="bbox 53 2335 890 2375; baseline -0.001 0"><span class='ocrx_word' id='word_1_240' title='bbox 53 2336 216 2375; x_wconf 80' lang='lat' dir='ltr'>sehieht</span> <span class='ocrx_word' id='word_1_241' title='bbox 250 2341 371 2375; x_wconf 82' lang='lat' dir='ltr'>sonst</span> <span class='ocrx_word' id='word_1_242' title='bbox 408 2335 519 2374; x_wconf 88' lang='lat' dir='ltr'>nicbt</span> <span class='ocrx_word' id='word_1_243' title='bbox 551 2335 677 2374; x_wconf 87' lang='lat' dir='ltr'>leicbt</span> <span class='ocrx_word' id='word_1_244' title='bbox 706 2335 771 2374; x_wconf 89' lang='lat' dir='ltr'>bei</span> <span class='ocrx_word' id='word_1_245' title='bbox 804 2337 890 2374; x_wconf 79' lang='lat' dir='ltr'>An-</span> 
     </span>
     <span class='ocr_line' id='line_1_33' title="bbox 51 2388 890 2443; baseline -0.004 -11"><span class='ocrx_word' id='word_1_246' title='bbox 51 2391 292 2443; x_wconf 79' lang='lat' dir='ltr'>kiindigung</span> <span class='ocrx_word' id='word_1_247' title='bbox 312 2404 392 2431; x_wconf 90' lang='lat' dir='ltr'>von</span> <span class='ocrx_word' id='word_1_248' title='bbox 414 2388 617 2441; x_wconf 74' lang='lat' dir='ltr'>Kriegeu,</span> <span class='ocrx_word' id='word_1_249' title='bbox 642 2391 725 2441; x_wconf 81' lang='lat' dir='ltr'>vgl.</span> <span class='ocrx_word' id='word_1_250' title='bbox 751 2391 798 2430; x_wconf 88' lang='lat'>31</span> <span class='ocrx_word' id='word_1_251' title='bbox 818 2425 827 2440; x_wconf 85' lang='lat'>,</span> <span class='ocrx_word' id='word_1_252' title='bbox 851 2390 890 2441; x_wconf 90' lang='grc'>6,</span> 
     </span>
     <span class='ocr_line' id='line_1_34' title="bbox 52 2447 888 2489; baseline -0.001 -2"><span class='ocrx_word' id='word_1_253' title='bbox 52 2447 92 2487; x_wconf 88' lang='grc'>3.</span> <span class='ocrx_word' id='word_1_254' title='bbox 139 2448 222 2489; x_wconf 78' lang='lat' dir='ltr'>Das</span> <span class='ocrx_word' id='word_1_255' title='bbox 244 2447 426 2488; x_wconf 77' lang='lat' dir='ltr'>Priisens</span> <span class='ocrx_word' id='word_1_256' title='bbox 457 2448 703 2487; x_wconf 84' lang='lat' dir='ltr'>bezeichnet</span> <span class='ocrx_word' id='word_1_257' title='bbox 733 2448 798 2486; x_wconf 86' lang='lat' dir='ltr'>die</span> <span class='ocrx_word' id='word_1_258' title='bbox 830 2448 888 2486; x_wconf 84' lang='lat' dir='ltr'>si-</span> 
     </span>
     <span class='ocr_line' id='line_1_35' title="bbox 53 2503 887 2557; baseline -0.001 -13"><span class='ocrx_word' id='word_1_259' title='bbox 53 2505 176 2544; x_wconf 79' lang='lat' dir='ltr'>chere</span> <span class='ocrx_word' id='word_1_260' title='bbox 193 2504 466 2557; x_wconf 73' lang='lat' dir='ltr'>Erwurtung,</span> <span class='ocrx_word' id='word_1_261' title='bbox 488 2504 573 2555; x_wconf 85' lang='lat' dir='ltr'>vgl.</span> <span class='ocrx_word' id='word_1_262' title='bbox 592 2505 632 2555; x_wconf 84' lang='lat'>5,</span> <span class='ocrx_word' id='word_1_263' title='bbox 658 2504 728 2551; x_wconf 84' lang='lat'>18,</span> <span class='ocrx_word' id='word_1_264' title='bbox 748 2504 795 2550; x_wconf 81' lang='lat'>2·,</span> <span class='ocrx_word' id='word_1_265' title='bbox 820 2503 887 2553; x_wconf 76' lang='lat'>28,</span> 
     </span>
     <span class='ocr_line' id='line_1_36' title="bbox 54 2559 850 2612; baseline -0.001 -12"><span class='ocrx_word' id='word_1_266' title='bbox 54 2559 120 2612; x_wconf 89' lang='grc'>26,</span> <span class='ocrx_word' id='word_1_267' title='bbox 144 2560 193 2609; x_wconf 74' lang='lat'>73</span> <span class='ocrx_word' id='word_1_268' title='bbox 216 2560 284 2612; x_wconf 84' lang='lat'>29,</span> <span class='ocrx_word' id='word_1_269' title='bbox 307 2560 347 2611; x_wconf 90' lang='grc'>3,</span> <span class='ocrx_word' id='word_1_270' title='bbox 370 2559 394 2599; x_wconf 91' lang='grc'><strong>3</strong></span> <span class='ocrx_word' id='word_1_271' title='bbox 417 2574 455 2600; x_wconf 85' lang='grc' dir='ltr'>ιι.</span> <span class='ocrx_word' id='word_1_272' title='bbox 476 2573 530 2610; x_wconf 62' lang='lat' dir='ltr'>a„</span> <span class='ocrx_word' id='word_1_273' title='bbox 553 2560 636 2611; x_wconf 84' lang='lat' dir='ltr'>vgl.</span> <span class='ocrx_word' id='word_1_274' title='bbox 660 2573 694 2600; x_wconf 90' lang='lat' dir='ltr'>c.</span> <span class='ocrx_word' id='word_1_275' title='bbox 719 2560 786 2610; x_wconf 83' lang='lat'>53,</span> <span class='ocrx_word' id='word_1_276' title='bbox 811 2560 850 2600; x_wconf 89' lang='lat'>6.</span> 
     </span>
    </p>
   </div>
   <div class='ocr_carea' id='block_1_6' title="bbox 51 2663 890 3291">
    <p class='ocr_par' dir='ltr' id='par_1_7' title="bbox 51 2663 890 3291">
     <span class='ocr_line' id='line_1_37' title="bbox 110 2663 889 2720; baseline -0.001 -7"><span class='ocrx_word' id='word_1_277' title='bbox 110 2663 198 2713; x_wconf 79' lang='grc'>59.</span> <span class='ocrx_word' id='word_1_278' title='bbox 232 2671 328 2714; x_wconf 88' lang='grc'>2-3.</span> <span class='ocrx_word' id='word_1_279' title='bbox 357 2671 471 2713; x_wconf 82' lang='lat' dir='ltr'>nullo</span> <span class='ocrx_word' id='word_1_280' title='bbox 491 2672 593 2720; x_wconf 84' lang='lat' dir='ltr'>loco,</span> <span class='ocrx_word' id='word_1_281' title='bbox 617 2673 683 2712; x_wconf 86' lang='lat' dir='ltr'>die</span> <span class='ocrx_word' id='word_1_282' title='bbox 705 2671 889 2713; x_wconf 83' lang='lat' dir='ltr'>Volsker</span> 
     </span>
     <span class='ocr_line' id='line_1_38' title="bbox 53 2728 890 2780; baseline -0.001 -10"><span class='ocrx_word' id='word_1_283' title='bbox 53 2729 144 2770; x_wconf 82' lang='lat' dir='ltr'>sind</span> <span class='ocrx_word' id='word_1_284' title='bbox 167 2730 279 2770; x_wconf 88' lang='lat' dir='ltr'>nicht</span> <span class='ocrx_word' id='word_1_285' title='bbox 300 2730 338 2768; x_wconf 93' lang='lat' dir='ltr'>in</span> <span class='ocrx_word' id='word_1_286' title='bbox 361 2730 434 2769; x_wconf 79' lang='lat' dir='ltr'>das</span> <span class='ocrx_word' id='word_1_287' title='bbox 447 2728 547 2769; x_wconf 82' lang='lat' dir='ltr'>Feld</span> <span class='ocrx_word' id='word_1_288' title='bbox 565 2728 755 2780; x_wconf 80' lang='lat' dir='ltr'>geriickt,</span> <span class='ocrx_word' id='word_1_289' title='bbox 775 2730 890 2769; x_wconf 75' lang='lat' dir='ltr'>wiih-</span> 
     </span>
     <span class='ocr_line' id='line_1_39' title="bbox 53 2785 887 2828; baseline -0.001 -2"><span class='ocrx_word' id='word_1_290' title='bbox 53 2787 155 2827; x_wconf 82' lang='lat' dir='ltr'>rend</span> <span class='ocrx_word' id='word_1_291' title='bbox 178 2787 244 2828; x_wconf 83' lang='lat' dir='ltr'>die</span> <span class='ocrx_word' id='word_1_292' title='bbox 268 2786 502 2826; x_wconf 79' lang='lat' dir='ltr'>rb&#39;mischen</span> <span class='ocrx_word' id='word_1_293' title='bbox 527 2785 755 2826; x_wconf 84' lang='lat' dir='ltr'>Feldberrn</span> <span class='ocrx_word' id='word_1_294' title='bbox 786 2787 887 2825; x_wconf 73' lang='lat' dir='ltr'>nacla</span> 
     </span>
     <span class='ocr_line' id='line_1_40' title="bbox 52 2840 887 2894; baseline -0.002 -11"><span class='ocrx_word' id='word_1_295' title='bbox 52 2843 183 2883; x_wconf 77' lang='lat' dir='ltr'>ciuem</span> <span class='ocrx_word' id='word_1_296' title='bbox 214 2842 572 2893; x_wconf 82' lang='lat' dir='ltr'>wohliiberlegten</span> <span class='ocrx_word' id='word_1_297' title='bbox 597 2840 887 2894; x_wconf 71' lang='lat' dir='ltr'>Hriegsplane,</span> 
     </span>
     <span class='ocr_line' id='line_1_41' title="bbox 51 2898 887 2952; baseline -0.004 -12"><span class='ocrx_word' id='word_1_298' title='bbox 51 2898 78 2952; x_wconf 61' lang='grc' dir='ltr'>ξ</span> <span class='ocrx_word' id='word_1_299' title='bbox 100 2899 146 2951; x_wconf 90' lang='grc'>3,</span> <span class='ocrx_word' id='word_1_300' title='bbox 168 2900 403 2940; x_wconf 75' lang='lat' dir='ltr'>handelten.</span> <span class='ocrx_word' id='word_1_301' title='bbox 424 2921 481 2928; x_wconf 95' lang='lat'><strong>—</strong></span> <span class='ocrx_word' id='word_1_302' title='bbox 500 2898 695 2944; x_wconf 78' lang='lat' dir='ltr'>Ecetras,</span> <span class='ocrx_word' id='word_1_303' title='bbox 719 2898 765 2946; x_wconf 89' lang='grc'>3,</span> <span class='ocrx_word' id='word_1_304' title='bbox 789 2898 826 2950; x_wconf 85' lang='grc'>4,</span> <span class='ocrx_word' id='word_1_305' title='bbox 849 2898 887 2938; x_wconf 92' lang='grc'>2.</span> 
     </span>
     <span class='ocr_line' id='line_1_42' title="bbox 52 2955 887 3007; baseline -0.006 -9"><span class='ocrx_word' id='word_1_306' title='bbox 52 2979 94 2985; x_wconf 85' lang='lat'>-—</span> <span class='ocrx_word' id='word_1_307' title='bbox 115 2957 290 3007; x_wconf 74' lang='lat' dir='ltr'>Anxur,</span> <span class='ocrx_word' id='word_1_308' title='bbox 312 2956 655 2996; x_wconf 81' lang='lat' dir='ltr'>wahrscbeinlicb</span> <span class='ocrx_word' id='word_1_309' title='bbox 680 2955 753 2994; x_wconf 85' lang='lat' dir='ltr'>der</span> <span class='ocrx_word' id='word_1_310' title='bbox 771 2955 887 2994; x_wconf 83' lang='lat' dir='ltr'>vols·</span> 
     </span>
     <span class='ocr_line' id='line_1_43' title="bbox 51 3011 889 3061; baseline -0.002 -9"><span class='ocrx_word' id='word_1_311' title='bbox 51 3011 194 3054; x_wconf 78' lang='lat' dir='ltr'>kisehe</span> <span class='ocrx_word' id='word_1_312' title='bbox 204 3012 332 3054; x_wconf 74' lang='lat' dir='ltr'>Name</span> <span class='ocrx_word' id='word_1_313' title='bbox 350 3026 427 3053; x_wconf 92' lang='lat' dir='ltr'>von</span> <span class='ocrx_word' id='word_1_314' title='bbox 442 3011 684 3061; x_wconf 81' lang='lat' dir='ltr'>Tarracina,</span> <span class='ocrx_word' id='word_1_315' title='bbox 706 3011 889 3051; x_wconf 79' lang='lat' dir='ltr'>welches</span> 
     </span>
     <span class='ocr_line' id='line_1_44' title="bbox 51 3068 888 3119; baseline -0.001 -10"><span class='ocrx_word' id='word_1_316' title='bbox 51 3069 90 3109; x_wconf 90' lang='lat' dir='ltr'>in</span> <span class='ocrx_word' id='word_1_317' title='bbox 113 3069 367 3111; x_wconf 78' lang='lat' dir='ltr'>dem-ersten</span> <span class='ocrx_word' id='word_1_318' title='bbox 393 3070 599 3119; x_wconf 72' lang='lat' dir='ltr'>Vei-trage</span> <span class='ocrx_word' id='word_1_319' title='bbox 622 3070 694 3109; x_wconf 84' lang='lat' dir='ltr'>mit</span> <span class='ocrx_word' id='word_1_320' title='bbox 715 3068 888 3109; x_wconf 79' lang='lat' dir='ltr'>Cartha-</span> 
     </span>
     <span class='ocr_line' id='line_1_45' title="bbox 51 3125 884 3176; baseline -0.001 -11"><span class='ocrx_word' id='word_1_321' title='bbox 51 3138 103 3176; x_wconf 80' lang='lat' dir='ltr'>go</span> <span class='ocrx_word' id='word_1_322' title='bbox 138 3126 203 3167; x_wconf 75' lang='lat' dir='ltr'>als</span> <span class='ocrx_word' id='word_1_323' title='bbox 238 3126 341 3167; x_wconf 86' lang='lat' dir='ltr'>Rom</span> <span class='ocrx_word' id='word_1_324' title='bbox 376 3126 646 3175; x_wconf 76' lang='lat' dir='ltr'>untertbiioig</span> <span class='ocrx_word' id='word_1_325' title='bbox 682 3125 884 3176; x_wconf 75' lang='lat' dir='ltr'>erwiibnt,</span> 
     </span>
     <span class='ocr_line' id='line_1_46' title="bbox 52 3181 890 3224; baseline 0 -2"><span class='ocrx_word' id='word_1_326' title='bbox 52 3183 159 3222; x_wconf 80' lang='lat' dir='ltr'>daun</span> <span class='ocrx_word' id='word_1_327' title='bbox 205 3183 307 3224; x_wconf 75' lang='lat' dir='ltr'>aber</span> <span class='ocrx_word' id='word_1_328' title='bbox 345 3197 426 3224; x_wconf 89' lang='lat' dir='ltr'>von</span> <span class='ocrx_word' id='word_1_329' title='bbox 466 3182 672 3223; x_wconf 77' lang='lat' dir='ltr'>Vols-kern</span> <span class='ocrx_word' id='word_1_330' title='bbox 718 3181 890 3222; x_wconf 84' lang='lat' dir='ltr'>crobert</span> 
     </span>
     <span class='ocr_line' id='line_1_47' title="bbox 52 3238 801 3291; baseline -0.003 -11"><span class='ocrx_word' id='word_1_331' title='bbox 52 3240 221 3281; x_wconf 74' lang='lat' dir='ltr'>worden</span> <span class='ocrx_word' id='word_1_332' title='bbox 244 3240 312 3289; x_wconf 83' lang='lat' dir='ltr'>ist,</span> <span class='ocrx_word' id='word_1_333' title='bbox 335 3241 415 3281; x_wconf 84' lang='lat' dir='ltr'>wie</span> <span class='ocrx_word' id='word_1_334' title='bbox 437 3240 620 3289; x_wconf 80' lang='lat' dir='ltr'>Antium,</span> <span class='ocrx_word' id='word_1_335' title='bbox 642 3238 678 3290; x_wconf 90' lang='grc'>3,</span> <span class='ocrx_word' id='word_1_336' title='bbox 707 3238 740 3291; x_wconf 89' lang='grc'>1,</span> <span class='ocrx_word' id='word_1_337' title='bbox 762 3238 801 3278; x_wconf 74' lang='grc'>4.</span> 
     </span>
    </p>
   </div>
   <div class='ocr_carea' id='block_1_7' title="bbox 980 2106 1826 2783">
    <p class='ocr_par' dir='ltr' id='par_1_8' title="bbox 980 2106 1826 2609">
     <span class='ocr_line' id='line_1_48' title="bbox 1039 2106 1826 2163; baseline -0.003 -14"><span class='ocrx_word' id='word_1_338' title='bbox 1039 2109 1080 2149; x_wconf 83' lang='grc'>4.</span> <span class='ocrx_word' id='word_1_339' title='bbox 1120 2121 1258 2163; x_wconf 79' lang='lat' dir='ltr'>prona</span> <span class='ocrx_word' id='word_1_340' title='bbox 1279 2110 1320 2148; x_wconf 78' lang='lat' dir='ltr'>in</span> <span class='ocrx_word' id='word_1_341' title='bbox 1343 2122 1384 2163; x_wconf 91' lang='lat' dir='ltr'>p.</span> <span class='ocrx_word' id='word_1_342' title='bbox 1401 2140 1409 2155; x_wconf 94' lang='lat'>,</span> <span class='ocrx_word' id='word_1_343' title='bbox 1441 2109 1506 2148; x_wconf 85' lang='lat' dir='ltr'>die</span> <span class='ocrx_word' id='word_1_344' title='bbox 1530 2108 1640 2158; x_wconf 80' lang='lat' dir='ltr'>Burg</span> <span class='ocrx_word' id='word_1_345' title='bbox 1663 2108 1732 2158; x_wconf 85' lang='lat' dir='ltr'>lag</span> <span class='ocrx_word' id='word_1_346' title='bbox 1751 2106 1826 2148; x_wconf 81' lang='lat' dir='ltr'>auf</span> 
     </span>
     <span class='ocr_line' id='line_1_49' title="bbox 983 2165 1821 2215; baseline 0 -11"><span class='ocrx_word' id='word_1_347' title='bbox 983 2165 1114 2204; x_wconf 86' lang='lat' dir='ltr'>einem</span> <span class='ocrx_word' id='word_1_348' title='bbox 1165 2165 1317 2204; x_wconf 88' lang='lat' dir='ltr'>steilen</span> <span class='ocrx_word' id='word_1_349' title='bbox 1372 2165 1505 2215; x_wconf 84' lang='lat' dir='ltr'>Hiigel</span> <span class='ocrx_word' id='word_1_350' title='bbox 1558 2166 1705 2214; x_wconf 85' lang='lat' dir='ltr'>(daher</span> <span class='ocrx_word' id='word_1_351' title='bbox 1745 2166 1821 2204; x_wconf 87' lang='lat' dir='ltr'>der</span> 
     </span>
     <span class='ocr_line' id='line_1_50' title="bbox 982 2216 1815 2276; baseline -0.002 -15"><span class='ocrx_word' id='word_1_352' title='bbox 982 2222 1136 2272; x_wconf 83' lang='lat' dir='ltr'>griecb.</span> <span class='ocrx_word' id='word_1_353' title='bbox 1162 2220 1290 2260; x_wconf 80' lang='lat' dir='ltr'>Name</span> <span class='ocrx_word' id='word_1_354' title='bbox 1317 2216 1545 2276; x_wconf 71' lang='grc' dir='ltr'>Τραχινήι</span> <span class='ocrx_word' id='word_1_355' title='bbox 1586 2223 1633 2269; x_wconf 88' lang='grc'>5,</span> <span class='ocrx_word' id='word_1_356' title='bbox 1676 2221 1746 2268; x_wconf 85' lang='grc'>12,</span> <span class='ocrx_word' id='word_1_357' title='bbox 1778 2221 1815 2260; x_wconf 89' lang='lat'>6:</span> 
     </span>
     <span class='ocr_line' id='line_1_51' title="bbox 983 2276 1820 2323; baseline -0.001 -6"><span class='ocrx_word' id='word_1_358' title='bbox 983 2280 1146 2318; x_wconf 47' lang='lat' dir='ltr'>„fluoeur</span> <span class='ocrx_word' id='word_1_359' title='bbox 1167 2277 1255 2317; x_wconf 85' lang='lat' dir='ltr'>loco</span> <span class='ocrx_word' id='word_1_360' title='bbox 1285 2277 1371 2317; x_wconf 81' lang='lat' dir='ltr'>alto</span> <span class='ocrx_word' id='word_1_361' title='bbox 1398 2280 1569 2323; x_wconf 75' lang='lat' dir='ltr'>situm),</span> <span class='ocrx_word' id='word_1_362' title='bbox 1608 2278 1674 2316; x_wconf 88' lang='lat' dir='ltr'>die</span> <span class='ocrx_word' id='word_1_363' title='bbox 1698 2276 1820 2316; x_wconf 79' lang='lat' dir='ltr'>Stadt</span> 
     </span>
     <span class='ocr_line' id='line_1_52' title="bbox 983 2333 1820 2384; baseline -0.002 -10"><span class='ocrx_word' id='word_1_364' title='bbox 983 2335 1117 2374; x_wconf 83' lang='lat' dir='ltr'>selbst</span> <span class='ocrx_word' id='word_1_365' title='bbox 1139 2347 1217 2384; x_wconf 87' lang='lat' dir='ltr'>zog</span> <span class='ocrx_word' id='word_1_366' title='bbox 1239 2334 1323 2373; x_wconf 92' lang='lat' dir='ltr'>sicb</span> <span class='ocrx_word' id='word_1_367' title='bbox 1347 2347 1425 2372; x_wconf 80' lang='lat' dir='ltr'>von</span> <span class='ocrx_word' id='word_1_368' title='bbox 1450 2334 1539 2372; x_wconf 81' lang='lat' dir='ltr'>dem</span> <span class='ocrx_word' id='word_1_369' title='bbox 1566 2333 1696 2383; x_wconf 79' lang='lat' dir='ltr'>Hiigel</span> <span class='ocrx_word' id='word_1_370' title='bbox 1720 2334 1820 2372; x_wconf 78' lang='lat' dir='ltr'>nach</span> 
     </span>
     <span class='ocr_line' id='line_1_53' title="bbox 983 2389 1819 2439; baseline -0.002 -9"><span class='ocrx_word' id='word_1_371' title='bbox 983 2392 1058 2430; x_wconf 87' lang='lat' dir='ltr'>der</span> <span class='ocrx_word' id='word_1_372' title='bbox 1096 2389 1229 2430; x_wconf 85' lang='lat' dir='ltr'>h&#39;iiste</span> <span class='ocrx_word' id='word_1_373' title='bbox 1266 2390 1347 2429; x_wconf 89' lang='lat' dir='ltr'>und</span> <span class='ocrx_word' id='word_1_374' title='bbox 1387 2390 1462 2429; x_wconf 86' lang='lat' dir='ltr'>der</span> <span class='ocrx_word' id='word_1_375' title='bbox 1498 2389 1710 2439; x_wconf 84' lang='lat' dir='ltr'>Miindung</span> <span class='ocrx_word' id='word_1_376' title='bbox 1746 2390 1819 2429; x_wconf 79' lang='lat' dir='ltr'>des</span> 
     </span>
     <span class='ocr_line' id='line_1_54' title="bbox 982 2444 1818 2498; baseline -0.002 -11"><span class='ocrx_word' id='word_1_377' title='bbox 982 2445 1109 2488; x_wconf 80' lang='lat' dir='ltr'>Ufens</span> <span class='ocrx_word' id='word_1_378' title='bbox 1140 2447 1221 2486; x_wconf 92' lang='lat' dir='ltr'>und</span> <span class='ocrx_word' id='word_1_379' title='bbox 1253 2459 1342 2485; x_wconf 84' lang='lat' dir='ltr'>war</span> <span class='ocrx_word' id='word_1_380' title='bbox 1370 2447 1461 2485; x_wconf 87' lang='lat' dir='ltr'>bier</span> <span class='ocrx_word' id='word_1_381' title='bbox 1489 2447 1617 2485; x_wconf 83' lang='lat' dir='ltr'>durch</span> <span class='ocrx_word' id='word_1_382' title='bbox 1650 2444 1818 2498; x_wconf 78' lang='lat' dir='ltr'>Siimpfe</span> 
     </span>
     <span class='ocr_line' id='line_1_55' title="bbox 980 2502 1820 2554; baseline -0.002 -11"><span class='ocrx_word' id='word_1_383' title='bbox 980 2504 1173 2554; x_wconf 77' lang='lat' dir='ltr'>gedcekt.</span> <span class='ocrx_word' id='word_1_384' title='bbox 1197 2525 1250 2531; x_wconf 94' lang='lat'><strong>—</strong></span> <span class='ocrx_word' id='word_1_385' title='bbox 1275 2503 1479 2551; x_wconf 79' lang='lat' dir='ltr'>ostendit,</span> <span class='ocrx_word' id='word_1_386' title='bbox 1517 2516 1564 2542; x_wconf 87' lang='lat' dir='ltr'>er</span> <span class='ocrx_word' id='word_1_387' title='bbox 1592 2504 1729 2542; x_wconf 82' lang='lat' dir='ltr'>macht</span> <span class='ocrx_word' id='word_1_388' title='bbox 1758 2502 1820 2542; x_wconf 80' lang='lat' dir='ltr'>ei-</span> 
     </span>
     <span class='ocr_line' id='line_1_56' title="bbox 982 2559 1665 2609; baseline -0.003 -9"><span class='ocrx_word' id='word_1_389' title='bbox 982 2574 1057 2600; x_wconf 87' lang='lat' dir='ltr'>nen</span> <span class='ocrx_word' id='word_1_390' title='bbox 1083 2560 1406 2609; x_wconf 77' lang='lat' dir='ltr'>Scheinangriff,</span> <span class='ocrx_word' id='word_1_391' title='bbox 1429 2560 1512 2609; x_wconf 83' lang='lat' dir='ltr'>vgl.</span> <span class='ocrx_word' id='word_1_392' title='bbox 1537 2573 1572 2599; x_wconf 87' lang='lat' dir='ltr'>c.</span> <span class='ocrx_word' id='word_1_393' title='bbox 1598 2559 1665 2598; x_wconf 82' lang='lat'>22.</span> 
     </span>
    </p>

    <p class='ocr_par' dir='ltr' id='par_1_9' title="bbox 980 2615 1819 2783">
     <span class='ocr_line' id='line_1_57' title="bbox 1039 2615 1819 2666; baseline 0 -11"><span class='ocrx_word' id='word_1_394' title='bbox 1039 2617 1135 2656; x_wconf 74' lang='lat'>5-7.</span> <span class='ocrx_word' id='word_1_395' title='bbox 1176 2615 1376 2666; x_wconf 70' lang='lat' dir='ltr'>Seri-ilio,</span> <span class='ocrx_word' id='word_1_396' title='bbox 1400 2630 1433 2655; x_wconf 87' lang='lat' dir='ltr'>c.</span> <span class='ocrx_word' id='word_1_397' title='bbox 1460 2616 1534 2664; x_wconf 88' lang='grc'>59,</span> <span class='ocrx_word' id='word_1_398' title='bbox 1557 2629 1603 2655; x_wconf 85' lang='lat' dir='ltr'>er</span> <span class='ocrx_word' id='word_1_399' title='bbox 1625 2628 1714 2654; x_wconf 84' lang='lat' dir='ltr'>war</span> <span class='ocrx_word' id='word_1_400' title='bbox 1735 2615 1819 2655; x_wconf 82' lang='lat' dir='ltr'>wol</span> 
     </span>
     <span class='ocr_line' id='line_1_58' title="bbox 980 2671 1817 2728; baseline -0.005 -14"><span class='ocrx_word' id='word_1_401' title='bbox 980 2673 1191 2725; x_wconf 87' lang='lat' dir='ltr'>Legat.—</span> <span class='ocrx_word' id='word_1_402' title='bbox 1207 2673 1369 2728; x_wconf 80' lang='lat' dir='ltr'>plenaq.</span> <span class='ocrx_word' id='word_1_403' title='bbox 1392 2673 1430 2712; x_wconf 83' lang='grc' dir='ltr'>Ιι.</span> <span class='ocrx_word' id='word_1_404' title='bbox 1454 2685 1502 2719; x_wconf 87' lang='lat' dir='ltr'>c.,</span> <span class='ocrx_word' id='word_1_405' title='bbox 1525 2674 1562 2719; x_wconf 83' lang='lat'>5,</span> <span class='ocrx_word' id='word_1_406' title='bbox 1589 2671 1656 2722; x_wconf 76' lang='lat'>37,</span> <span class='ocrx_word' id='word_1_407' title='bbox 1681 2678 1727 2718; x_wconf 52' lang='grc' dir='ltr'>ὃς</span> <span class='ocrx_word' id='word_1_408' title='bbox 1752 2671 1817 2719; x_wconf 85' lang='grc'>22,</span> 
     </span>
     <span class='ocr_line' id='line_1_59' title="bbox 982 2728 1819 2783; baseline -0.005 -13"><span class='ocrx_word' id='word_1_409' title='bbox 982 2730 1054 2783; x_wconf 87' lang='grc'>39,</span> <span class='ocrx_word' id='word_1_410' title='bbox 1083 2730 1145 2770; x_wconf 88' lang='grc'>11.</span> <span class='ocrx_word' id='word_1_411' title='bbox 1168 2752 1225 2760; x_wconf 84' lang='lat'><strong>—</strong></span> <span class='ocrx_word' id='word_1_412' title='bbox 1246 2730 1409 2780; x_wconf 81' lang='lat' dir='ltr'>caedes,</span> <span class='ocrx_word' id='word_1_413' title='bbox 1432 2743 1465 2768; x_wconf 86' lang='lat' dir='ltr'>s.</span> <span class='ocrx_word' id='word_1_414' title='bbox 1487 2729 1554 2775; x_wconf 91' lang='lat'>26,</span> <span class='ocrx_word' id='word_1_415' title='bbox 1585 2728 1651 2773; x_wconf 80' lang='grc'>46,</span> <span class='ocrx_word' id='word_1_416' title='bbox 1682 2728 1741 2767; x_wconf 86' lang='grc'>10.</span> <span class='ocrx_word' id='word_1_417' title='bbox 1765 2750 1819 2757; x_wconf 83' lang='grc'>-</span> 
     </span>
    </p>
   </div>
   <div class='ocr_carea' id='block_1_8' title="bbox 976 2784 1815 2842">
    <p class='ocr_par' dir='ltr' id='par_1_10' title="bbox 976 2784 1815 2842">
     <span class='ocr_line' id='line_1_60' title="bbox 976 2784 1815 2842; baseline -0.006 -15"><span class='ocrx_word' id='word_1_418' title='bbox 976 2789 1329 2842; x_wconf 74' lang='lat' dir='ltr'>pronunciatum,</span> <span class='ocrx_word' id='word_1_419' title='bbox 1361 2787 1435 2825; x_wconf 80' lang='lat' dir='ltr'>der</span> <span class='ocrx_word' id='word_1_420' title='bbox 1458 2786 1655 2838; x_wconf 78' lang='lat' dir='ltr'>plb&#39;tzlich</span> <span class='ocrx_word' id='word_1_421' title='bbox 1680 2784 1815 2823; x_wconf 84' lang='lat' dir='ltr'>erlas-</span> 
     </span>
    </p>
   </div>
   <div class='ocr_carea' id='block_1_9' title="bbox 977 2842 1818 3280">
    <p class='ocr_par' dir='ltr' id='par_1_11' title="bbox 977 2842 1818 3280">
     <span class='ocr_line' id='line_1_61' title="bbox 979 2842 1817 2895; baseline -0.005 -12"><span class='ocrx_word' id='word_1_422' title='bbox 979 2857 1080 2883; x_wconf 83' lang='lat' dir='ltr'>sene</span> <span class='ocrx_word' id='word_1_423' title='bbox 1105 2842 1258 2891; x_wconf 82' lang='lat' dir='ltr'>Besebl,</span> <span class='ocrx_word' id='word_1_424' title='bbox 1282 2856 1314 2882; x_wconf 89' lang='lat' dir='ltr'>s.</span> <span class='ocrx_word' id='word_1_425' title='bbox 1335 2857 1368 2883; x_wconf 89' lang='lat' dir='ltr'>c.</span> <span class='ocrx_word' id='word_1_426' title='bbox 1393 2843 1459 2887; x_wconf 73' lang='lat'>49,</span> <span class='ocrx_word' id='word_1_427' title='bbox 1479 2842 1524 2881; x_wconf 83' lang='lat'>6:</span> <span class='ocrx_word' id='word_1_428' title='bbox 1549 2844 1817 2895; x_wconf 81' lang='lat' dir='ltr'>temptatum.</span> 
     </span>
     <span class='ocr_line' id='line_1_62' title="bbox 978 2897 1818 2954; baseline -0.007 -13"><span class='ocrx_word' id='word_1_429' title='bbox 978 2923 1032 2929; x_wconf 93' lang='lat'>—</span> <span class='ocrx_word' id='word_1_430' title='bbox 1052 2904 1238 2954; x_wconf 82' lang='lat' dir='ltr'>praeter,</span> <span class='ocrx_word' id='word_1_431' title='bbox 1262 2900 1342 2939; x_wconf 84' lang='lat' dir='ltr'>wie</span> <span class='ocrx_word' id='word_1_432' title='bbox 1367 2900 1546 2938; x_wconf 83' lang='lat' dir='ltr'>nacbber</span> <span class='ocrx_word' id='word_1_433' title='bbox 1566 2897 1630 2940; x_wconf 84' lang='lat' dir='ltr'>ml.</span> <span class='ocrx_word' id='word_1_434' title='bbox 1655 2898 1709 2936; x_wconf 87' lang='lat' dir='ltr'>ist</span> <span class='ocrx_word' id='word_1_435' title='bbox 1732 2897 1818 2936; x_wconf 74' lang='lat' dir='ltr'>Ad-</span> 
     </span>
     <span class='ocr_line' id='line_1_63' title="bbox 977 2951 1814 3006; baseline -0.006 -9"><span class='ocrx_word' id='word_1_436' title='bbox 977 2957 1190 3006; x_wconf 85' lang='lat' dir='ltr'>verbium,</span> <span class='ocrx_word' id='word_1_437' title='bbox 1218 2970 1251 2996; x_wconf 86' lang='lat' dir='ltr'>s.</span> <span class='ocrx_word' id='word_1_438' title='bbox 1275 2956 1378 2995; x_wconf 88' lang='lat' dir='ltr'>Sall.</span> <span class='ocrx_word' id='word_1_439' title='bbox 1402 2957 1489 2994; x_wconf 83' lang='lat' dir='ltr'>Cat.</span> <span class='ocrx_word' id='word_1_440' title='bbox 1523 2954 1596 3004; x_wconf 84' lang='grc'>36,</span> <span class='ocrx_word' id='word_1_441' title='bbox 1629 2953 1673 2999; x_wconf 85' lang='grc'>2;</span> <span class='ocrx_word' id='word_1_442' title='bbox 1706 2952 1752 2992; x_wconf 89' lang='lat' dir='ltr'>L.</span> <span class='ocrx_word' id='word_1_443' title='bbox 1774 2951 1814 3002; x_wconf 85' lang='lat'>3,</span> 
     </span>
     <span class='ocr_line' id='line_1_64' title="bbox 983 3009 1815 3064; baseline -0.005 -12"><span class='ocrx_word' id='word_1_444' title='bbox 983 3013 1044 3063; x_wconf 84' lang='lat'>15,</span> <span class='ocrx_word' id='word_1_445' title='bbox 1067 3014 1110 3054; x_wconf 88' lang='lat'>5:</span> <span class='ocrx_word' id='word_1_446' title='bbox 1135 3013 1280 3054; x_wconf 83' lang='lat' dir='ltr'>lustin.</span> <span class='ocrx_word' id='word_1_447' title='bbox 1304 3012 1367 3061; x_wconf 85' lang='lat'>13,</span> <span class='ocrx_word' id='word_1_448' title='bbox 1391 3013 1429 3059; x_wconf 87' lang='lat'>5,</span> <span class='ocrx_word' id='word_1_449' title='bbox 1453 3012 1496 3049; x_wconf 83' lang='lat'>2:</span> <span class='ocrx_word' id='word_1_450' title='bbox 1521 3009 1669 3050; x_wconf 58' lang='lat' dir='ltr'>acutos</span> <span class='ocrx_word' id='word_1_451' title='bbox 1689 3023 1815 3064; x_wconf 77' lang='lat' dir='ltr'>prae-</span> 
     </span>
     <span class='ocr_line' id='line_1_65' title="bbox 980 3067 1812 3110; baseline -0.008 1"><span class='ocrx_word' id='word_1_452' title='bbox 980 3073 1045 3110; x_wconf 77' lang='lat' dir='ltr'>ter</span> <span class='ocrx_word' id='word_1_453' title='bbox 1073 3070 1214 3110; x_wconf 77' lang='lat' dir='ltr'>caedis</span> <span class='ocrx_word' id='word_1_454' title='bbox 1242 3069 1434 3109; x_wconf 78' lang='lat' dir='ltr'>damuati</span> <span class='ocrx_word' id='word_1_455' title='bbox 1462 3067 1812 3106; x_wconf 67' lang='lat' dir='ltr'>restituebantur.</span> 
     </span>
     <span class='ocr_line' id='line_1_66' title="bbox 978 3121 1815 3175; baseline -0.008 -7"><span class='ocrx_word' id='word_1_456' title='bbox 978 3148 1034 3156; x_wconf 88' lang='lat'>—</span> <span class='ocrx_word' id='word_1_457' title='bbox 1056 3127 1337 3167; x_wconf 74' lang='lat' dir='ltr'>voluntariam</span> <span class='ocrx_word' id='word_1_458' title='bbox 1367 3125 1516 3175; x_wconf 72' lang='lat' dir='ltr'>geliiirt</span> <span class='ocrx_word' id='word_1_459' title='bbox 1545 3136 1635 3162; x_wconf 86' lang='lat' dir='ltr'>zum</span> <span class='ocrx_word' id='word_1_460' title='bbox 1669 3121 1815 3162; x_wconf 63' lang='lat' dir='ltr'>Pridi-</span> 
     </span>
     <span class='ocr_line' id='line_1_67' title="bbox 980 3180 1815 3235; baseline -0.006 -12"><span class='ocrx_word' id='word_1_461' title='bbox 980 3189 1072 3223; x_wconf 77' lang='lat' dir='ltr'>cate</span> <span class='ocrx_word' id='word_1_462' title='bbox 1094 3202 1119 3217; x_wconf 90' lang='lat'>=</span> <span class='ocrx_word' id='word_1_463' title='bbox 1141 3186 1284 3235; x_wconf 73' lang='lat' dir='ltr'>effecit</span> <span class='ocrx_word' id='word_1_464' title='bbox 1313 3184 1360 3221; x_wconf 82' lang='lat' dir='ltr'>ut</span> <span class='ocrx_word' id='word_1_465' title='bbox 1388 3194 1468 3220; x_wconf 81' lang='lat' dir='ltr'>sua</span> <span class='ocrx_word' id='word_1_466' title='bbox 1498 3183 1648 3235; x_wconf 77' lang='lat' dir='ltr'>sponte</span> <span class='ocrx_word' id='word_1_467' title='bbox 1668 3180 1720 3219; x_wconf 85' lang='lat' dir='ltr'>ab</span> <span class='ocrx_word' id='word_1_468' title='bbox 1740 3191 1815 3219; x_wconf 79' lang='lat' dir='ltr'>ar-</span> 
     </span>
     <span class='ocr_line' id='line_1_68' title="bbox 980 3239 1364 3280; baseline -0.008 -1"><span class='ocrx_word' id='word_1_469' title='bbox 980 3242 1062 3280; x_wconf 79' lang='lat' dir='ltr'>mis</span> <span class='ocrx_word' id='word_1_470' title='bbox 1090 3239 1364 3280; x_wconf 70' lang='lat' dir='ltr'>discederent.</span> 
     </span>
    </p>
   </div>
  </div>
 </body>
</html>
