2221 3537
677 233 837 275 LIBER
869 233 937 274 lv.
1000 232 1116 274 CAP.
1140 234 1208 273 57.

59 259 92 283 a.
116 249 184 283 ch.
210 249 287 282 408.
1722 231 1819 280 251

57 366 300 416 honorem
336 365 632 421 disseruere,
670 369 772 410 tum
808 361 953 410 Ahala
980 359 1211 408 Servilius
1249 359 1473 408 tribunus
1510 360 1715 408 militum
1752 366 1824 407 ta-
1863 366 1886 405 3

58 437 220 486 cuisse
244 451 297 486 se
321 442 418 485 tam
446 433 529 483 diu
549 432 627 492 ait,
653 447 753 480 non
775 433 884 495 quia
906 432 1118 480 incertus
1140 430 1406 478 sententiae
1427 431 1572 479 suerit
1592 459 1658 464 -
1681 445 1825 493 quem

58 507 187 556 enim
215 506 400 556 bonum
429 504 579 554 civem
607 518 860 552 secernere
883 518 970 550 sua
992 518 1017 550 a
1039 500 1242 565 publicis
1264 498 1500 548 consilia?
1522 530 1589 534 —-
1610 501 1694 548 sed
1717 501 1825 564 quia

58 576 281 628 maluerit
305 575 511 638 collegas
535 590 619 623 sua
642 583 818 637 sponte
840 573 1007 621 cedere
1028 571 1302 620 auctoritati
1325 578 1541 628 senatus,
1570 587 1713 634 quam
1736 572 1827 620 tri-

56 647 303 697 buniciam
330 652 620 711 potestatem
649 645 883 692 adversus
911 659 962 691 se
982 642 1211 706 inplorari
1236 647 1531 706 paterentur.
1578 650 1679 689 tum
1703 658 1824 705 quo·
1865 654 1888 690 4

58 733 168 782 que,
197 718 237 766 si
263 733 340 767 res
367 717 563 775 sineret,
591 716 793 764 libenter
820 730 871 762 se
894 714 1120 763 daturum
1142 719 1337 776 tempus
1361 712 1416 760 iis
1439 712 1591 760 fuisse
1613 712 1669 759 ad
1693 728 1825 760 rece-

57 795 198 853 ptum
224 789 371 837 nimis
397 787 655 852 pertinacis
682 786 964 834 sententiae.
1011 785 1094 833 sed
1124 800 1233 832 cum
1261 783 1375 832 belli
1397 782 1707 831 necessitates
1730 797 1826 831 non

56 865 312 924 expectent
339 859 552 908 humana
581 857 804 913 consilia,
836 857 1079 920 potiorem
1110 855 1202 903 sibi
1231 855 1520 918 collegarum
1549 853 1698 916 gratia
1727 869 1827 902 rem

55 929 298 995 publicam
343 930 471 987 fore,
518 935 588 986 et,
627 928 666 977 si
703 935 896 976 maneat
930 927 976 976 in
1011 926 1247 975 sententia
1283 933 1505 983 senatus,
1543 925 1827 973 dictatorem
1865 934 1888 972 5

55 1007 201 1050 nocte
227 1001 448 1064 proxima
476 1000 715 1048 dicturum
733 1036 744 1058 ‚
774 1015 841 1055 ac,
868 999 907 1046 si
935 998 1042 1062 quis
1070 998 1335 1045 intercedat
1360 1004 1559 1045 senatus
1588 995 1829 1052 consulto,

58 1071 342 1120 auctoritate
374 1088 426 1120 se
460 1071 566 1119 fore
603 1076 903 1119 contentum.
958 1085 1053 1132 quo
1088 1068 1214 1116 facto
1254 1084 1362 1115 cuin
1393 1067 1520 1115 haud
1551 1067 1826 1114 inmeritam
1866 1074 1889 1113 6

56 1141 248 1191 laudem
292 1143 590 1206 gratiamque
627 1141 756 1204 apud
794 1139 954 1188 omnis
992 1140 1202 1195 tulisset,
1241 1139 1473 1186 dictatore
1513 1137 1565 1184 P.
1604 1137 1827 1185 Cornelio

57 1213 188 1262 dicto
225 1213 330 1276 ipse
366 1212 424 1261 ab
451 1228 508 1260 eo
539 1213 768 1274 magister
796 1210 1011 1274 equitum
1043 1216 1232 1258 creatus
1261 1209 1481 1271 exemplo
1509 1207 1600 1255 fuit
1628 1208 1823 1269 collegis

57 1297 105 1332 se
139 1298 348 1347 eumque
380 1283 702 1341 intuentibus,
739 1297 882 1345 quam
921 1280 1068 1343 gratia
1106 1286 1249 1342 atque
1284 1279 1444 1326 honos
1474 1278 1830 1341 opportuniora

53 1352 296 1403 interdum
325 1368 426 1401 non
454 1353 760 1416 cupientibus
782 1358 961 1400 essent.
1011 1350 1187 1399 bellum
1218 1349 1343 1398 haud
1374 1348 1687 1397 memorabile
1722 1349 1827 1397 fuit.
1873 1372 1881 1395 1

58 1439 159 1473 11110
187 1431 330 1488 atque
356 1440 413 1473 eo
442 1424 564 1472 facili
596 1423 783 1487 proelio
813 1422 937 1471 caesi
965 1422 1022 1470 ad
1052 1421 1247 1469 Antium
1279 1421 1472 1478 hoste53
1512 1419 1664 1468 victor
1690 1435 1827 1467 exer-

59 1495 181 1544 citus
210 1495 532 1559 depopulatus
560 1494 787 1543 Volscum
817 1509 1013 1556 agrum:
1042 1492 1290 1541 castellum
1320 1492 1376 1540 ad
1404 1492 1558 1540 lacum
1589 1491 1827 1539 Fucinum

58 1566 102 1614 vi
137 1573 489 1630 expugnatum,
535 1571 677 1629 atque
719 1568 766 1613 in
803 1581 859 1612 eo
898 1565 988 1612 tria
1024 1563 1151 1611 milia
1189 1562 1445 1610 hominum
1486 1569 1621 1625 capta
1659 1562 1827 1610 ceteris

62 1636 244 1684 Volscis
273 1637 396 1685 intra
424 1636 619 1685 moenia
641 1635 890 1699 conpulsis
914 1650 1002 1683 nec
1023 1633 1392 1681 defendentibus
1416 1648 1574 1695 agros.
1621 1632 1828 1680 dictator
1866 1641 1888 1681 8

57 1706 180 1756 bello
218 1708 279 1756 ita
308 1714 470 1770 gest0‚
507 1714 561 1755 ut
587 1713 774 1755 tantum
803 1721 902 1754 non
932 1705 1146 1754 defuisse
1172 1704 1398 1752 fortunae
1426 1703 1684 1760 videretur,
1721 1703 1826 1750 feli—

58 1778 208 1827 cicate
236 1793 379 1842 quam
418 1778 568 1840 gloria
609 1777 765 1826 maior
791 1777 838 1824 in
869 1776 1038 1824 urbem
1068 1775 1212 1831 redit,
1251 1775 1630 1837 magistratuque
1658 1790 1711 1821 se
1739 1774 1826 1822 al»-

58 1848 247 1898 dicavit.
289 1848 473 1898 tribuni
500 1848 705 1897 militum
734 1848 983 1896 mentione
1009 1847 1135 1895 nulla
1159 1846 1470 1895 comitiorum
1495 1844 1826 1893 consularium
1864 1856 1888 1895 9

59 1974 378 2025 iibertreibend,
401 1987 434 2014 s.
459 1974 504 2024 2,
531 1974 594 2023 18,
619 1975 669 2022 ὃς
694 1974 742 2024 3,
767 1974 835 2022 29,
858 1974 897 2014 2.

59 2055 113 2060 --
141 2035 251 2083 tum,
287 2032 468 2071 welches
498 2033 599 2070 nach
630 2031 760 2071 donec
789 2033 901 2070 nieht

60 2089 327 2139 notbwendig
345 2100 444 2141 war,
468 2088 713 2127 erleichtert
736 2089 800 2127 die
822 2087 898 2129 Ue-

59 2144 246 2184 bersicht
279 2146 354 2184 der
389 2158 435 2184 so
467 2146 765 2184 verscliiedene
790 2145 898 2184 Ver-

58 2201 264 2241 hiiltnisse
301 2200 593 2241 unifassenden
632 2201 821 2241 Periode.
845 2225 899 2231 —

0 2295 1 2298 ,
58 2261 282 2313 paterent„
315 2257 352 2309 2,
382 2260 441 2306 15,
466 2258 505 2297 4.

0 2316 1 2340 l
117 2315 141 2353 4
159 2317 241 2354 —5.
289 2319 525 2368 receptum,
564 2314 897 2364 Zuriicknabme,

61 2372 153 2411 eine
176 2372 336 2411 settene
357 2372 598 2422 Bedeutung
615 2372 687 2410 des
711 2371 899 2410 wortes.

59 2451 116 2458 —
137 2428 233 2468 belli
251 2441 432 2477 necess„
457 2441 491 2468 3.
516 2428 587 2480 28,
612 2428 680 2478 22,
704 2430 749 2468 2:
774 2432 900 2468 (κείνα

62 2484 158 2525 belli
175 2488 466 2526 necessitates,
487 2508 542 2514 —
564 2485 813 2533 intercedat,
837 2485 896 2524 ei-

62 2554 138 2581 ner
158 2542 234 2581 der
256 2541 607 2589 Volkstribunen‚
637 2555 669 2581 s.
693 2556 727 2582 c.
752 2542 827 2593 36,
858 2541 897 2581 3.

63 2596 206 2647 Gegen
236 2598 309 2637 das
333 2598 448 2638 Ende
478 2599 552 2637 der
577 2597 780 2651 Republik
810 2611 898 2638 we-

63 2655 253 2705 nigstens
284 2655 394 2693 hiess
426 2654 488 2693 ein
513 2654 898 2708 Senatsbeschluss,

63 2723 193 2762 gegen
223 2711 407 2750 welchen
434 2710 687 2763 Einspraclie
717 2712 898 2752 erhoben

62 2780 164 2817 war,
187 2768 300 2807 nicht
321 2772 498 2808 senatus
520 2767 777 2820 consultum,
801 2782 899 2808 son—

63 2824 163 2864 dern
185 2828 361 2865 senatus
381 2826 634 2865 auctoritas.
673 2824 902 2875 Uebrigens

64 2882 180 2932 zeigt
197 2881 261 2920 die
274 2881 422 2929 stelle,
440 2881 536 2920 dass
557 2894 632 2920 zur
644 2880 768 2920 Wabl
788 2882 902 2920 eines

63 2937 276 2978 Dictator-s
298 2939 362 2977 ein
385 2937 758 2977 Senatsbescbluss
781 2939 902 2978 noth-

63 2995 228 3045 wendig
256 3007 359 3034 war.

121 3050 233 3091 6-8.
274 3051 464 3100 tulisset,
487 3051 653 3098 erlangt
674 3051 801 3096 hatte,
827 3051 903 3090 da—

65 3107 141 3146 her
155 3107 281 3162 apud.
298 3131 355 3138 —
374 3106 563 3148 Cornelio
583 3107 742 3157 (Rutilo
757 3107 903 3156 Cosso)

66 3163 169 3202 nach
192 3164 268 3203 den
292 3164 406 3205 Fast.
430 3164 528 3217 Cap.
551 3166 614 3203 ein
639 3165 819 3204 ander-er
839 3164 903 3203 als

67 3232 103 3259 c.
126 3218 194 3270 56,
216 3219 256 3262 2.
285 3243 333 3250 —
353 3234 468 3274 mag.
492 3223 633 3274 equit„
656 3234 688 3260 3.
715 3235 748 3260 c.
771 3221 839 3270 31,
862 3221 903 3260 5.

65 3297 122 3305 -
138 3279 459 3332 opportuniora,
476 3277 516 3328 2,
534 3278 601 3330 47,
623 3277 689 3326 113
709 3277 747 3331 3,
770 3277 839 3328 21,
863 3277 902 3318 7.

990 1998 1044 2002 —
1068 1971 1299 2019 Fucinum,
1329 1973 1393 2011 ein
1426 1971 1713 2011 bedentender
1736 1972 1828 2023 See,

993 2030 1142 2070 iistlicb
1176 2043 1254 2068 von
1276 2028 1374 2068 Rom
1402 2030 1439 2066 111
1465 2029 1540 2067 den
1569 2029 1830 2081 Apenninen,

987 2087 1098 2138 jetzt
1138 2086 1248 2137 Lago
1295 2087 1360 2125 die
1400 2085 1566 2124 celano.
1628 2085 1674 2124 L.
1718 2086 1831 2123 ziebt

990 2144 1217 2183 denselben
1256 2156 1307 2181 zu
1345 2143 1434 2181 dein
1468 2142 1831 2191 Volskergebiete‚

992 2201 1175 2240 welches
1219 2200 1323 2238 dann
1367 2200 1438 2237 das
1482 2199 1716 2251 Aequische
1760 2201 1833 2237 mit

993 2255 1169 2296 umfusst
1216 2257 1297 2295 und
1347 2268 1396 2293 an
1440 2255 1512 2294 das
1567 2254 1830 2294 Marserland

991 2320 1162 2364 grenzt,
1194 2326 1245 2352 zu
1276 2313 1366 2351 (19111
1391 2312 1465 2350 der
1488 2312 1567 2350 See
1591 2312 1734 2364 spiiter
1755 2324 1832 2361 ge-

993 2372 1166 2410 recbnet
1195 2369 1315 2408 wird.
1363 2369 1435 2407 l)ie
1461 2368 1591 2406 Sacbe
1621 2369 1754 2406 selbst
1778 2370 1831 2406 ist

993 2428 1104 2466 niclit
1127 2427 1241 2465 klar:
1266 2426 1370 2464 denn
1396 2425 1585 2473 obgleirh
1610 2426 1684 2464 der
1703 2423 1833 2474 lirieg

990 2485 1054 2523 als
1092 2483 1384 2522 unbedeutend
1423 2482 1671 2531 dar-gestem
1712 2482 1830 2527 wird,

991 2541 1072 2580 und
1104 2541 1168 2579 die
1201 2540 1395 2579 Selilacht
1425 2539 1487 2577 bei
1520 2541 1697 2578 Antium
1729 2551 1832 2576 vor-

991 2595 1172 2647 gesullen
1198 2597 1286 2635 sein
1311 2596 1410 2643 soll,
1440 2596 1612 2646 dringen
1637 2596 1740 2634 doch
1765 2596 1831 2634 die

993 2654 1145 2694 Rb'mer
1180 2653 1218 2692 in
1257 2658 1686 2703 entgegengesetzter
1708 2651 1830 2691 Rich-

993 2718 1095 2761 tung
1118 2710 1178 2750 bis
1201 2722 1251 2748 an
1277 2711 1342 2749 die
1367 2709 1543 2748 iistliche
1568 2708 1734 2748 Grenze
1758 2709 1830 2747 des

991 2767 1351 2820 Aequergebietes
1382 2779 1471 2805 vor.
1520 2765 1746 2805 Viellciclit
1778 2766 1833 2803 ist

994 2826 1058 2864 ein
1084 2824 1261 2864 lrrthum
1300 2825 1338 2863 in
1378 2824 1452 2862 der
1483 2823 1721 2870 Erziiblung
1758 2822 1831 2859 da-

994 2882 1122 2921 durch
1147 2881 1408 2927 vernulam,
1439 2880 1557 2929 dass,
1589 2880 1637 2917 da
1661 2891 1722 2916 am
1749 2877 1831 2916 Fu-

995 2939 1186 2977 cinersee
1223 2938 1316 2977 eine
1353 2937 1474 2975 Stadt
1505 2937 1713 2974 Antinum
1750 2934 1832 2984 lag,

993 2995 1107 3035 diese
1130 2995 1392 3035 mitAntium
1416 2991 1697 3030 verwechselt
1720 3003 1832 3029 wur—

994 3052 1068 3098 de3
1092 3051 1176 3101 vgl.
1201 3066 1237 3091 c.
1262 3051 1329 3098 61,
1359 3050 1428 3088 ll:
1456 3047 1680 3087 Mommsen
1706 3045 1834 3088 Unte-

994 3108 1065 3147 rit.
1123 3107 1228 3148 nial.
1273 3107 1315 3146 S.
1360 3105 1464 3151 321;
1512 3104 1755 3153 Schwegler
1797 3104 1833 3152 2,

995 3164 1090 3204 696.
1130 3187 1178 3193 -
1219 3178 1301 3204 ηοιι
1345 3163 1494 3212 gehfirt
1535 3174 1585 3199 zu
1626 3161 1832 3212 defuisse,

997 3221 1108 3260 nicht
1130 3233 1180 3259 zu
1204 3224 1385 3267 tantum,
1409 3219 1489 3257 wie
1512 3231 1547 3257 c.
1570 3216 1610 3270 2,
1638 3218 1700 3257 12.

1050 3277 1177 3318 9-10.
1218 3279 1431 3317 mentione
1450 3297 1479 3303 -
1499 3275 1616 3325 hab„
1636 3275 1704 3316 die
1724 3275 1832 3316 Con·
