2221 3537
120 258 159 285 o.
184 249 254 285 ch.
278 248 356 283 ³90.

706 235 867 279 LIBER
897 235 948 279 V.
1010 235 1127 278 cAP.
1152 236 1220 278 39.
1241 237 1306 278 40.

1783 236 1881 288 341

119 365 181 416 de
204 363 346 432 plebe
365 364 623 416 multitudo
645 365 807 424 ferret,
834 380 980 415 senes
1001 364 1321 430 triumphales
1342 366 1723 432 consularesque
1743 365 1887 415 simul

120 451 176 486 se
208 450 321 487 cum
356 435 448 486 illis
488 435 643 500 palam
672 436 830 486 dicere
857 435 1102 494 obiturOS‚
1140 450 1229 484 nec
1255 437 1330 485 his
1357 437 1672 503 corporibus,
1710 435 1886 500 quibus

119 519 223 556 non
246 520 380 556 arma
405 505 557 566 ferre,
582 520 684 555 non
711 507 832 556 tueri
860 506 1065 572 patriam
1095 514 1325 570 possent,
1354 516 1641 558 oneraturos
1670 507 1887 572 inopiam

120 582 438 628 armatorum.

261 645 390 696 Haec
413 646 541 697 inter
565 646 790 696 seniores
818 646 965 696 morti
994 646 1264 696 destinatos
1293 648 1461 697 iactata
1489 649 1678 697 solacia.
1725 663 1889 697 versae
1925 646 1994 695 40

118 715 233 768 inde
258 716 621 768 adhortationes
648 717 705 766 ad
733 732 905 782 agmen
933 717 1175 775 iuvenum,
1203 732 1326 782 quos
1354 718 1403 766 in
1431 719 1719 782 Capitolium
1748 726 1890 782 atque

118 787 170 838 in
203 803 364 838 arcem
400 787 847 853 prosequebantur,
888 789 1289 837 commendantes
1325 789 1487 837 virtuti
1523 804 1693 837 eorum
1723 790 1892 837 iuven-

119 865 292 924 taeque
329 858 489 917 urbis,
530 874 617 923 per
650 865 897 908 trecentos
933 859 1175 923 sexaginta
1212 875 1370 908 annos
1399 860 1629 909 omnibus
1657 858 1791 908 bellis
1818 858 1889 906 vi-

121 928 306 988 ctricis,
352 944 686 994 quaecumque
721 930 904 994 reliqua
938 936 1066 979 esset
1103 930 1315 979 fortuna.
1379 930 1773 994 digredientibu5‚
1810 931 1889 994 qui
1928 936 1951 976 2

119 1014 260 1065 spem
288 1014 485 1049 omnem
514 1007 656 1065 atque
683 1016 825 1064 opem
856 1016 1018 1050 secum
1047 1001 1279 1057 ferebant,
1308 1000 1365 1049 ab
1389 1002 1479 1058 his,
1514 1002 1596 1065 qui
1617 1010 1782 1066 captae
1804 1015 1888 1050 ur-

119 1069 198 1120 his
242 1084 344 1119 non
389 1086 648 1136 superesse
686 1078 954 1121 statuerant
988 1071 1158 1130 exitio,
1206 1088 1313 1121 cum
1352 1072 1456 1136 ipsa
1493 1088 1571 1121 res
1607 1073 1890 1137 speciesque
1927 1080 1951 1118 3

120 1140 412 1191 miserabilis
440 1148 558 1200 erat,
585 1148 687 1190 tum
716 1142 965 1191 muliebris
993 1143 1133 1191 lletus
1160 1150 1206 1191 et
1232 1144 1536 1191 concursatio
1560 1144 1740 1192 incerta
1761 1157 1892 1192 nunc

119 1212 214 1262 hos
240 1226 373 1262 nunc
398 1212 506 1261 illos
534 1212 842 1276 sequentium
871 1214 1280 1276 rogitantiumque
1307 1214 1436 1262 viros
1457 1221 1713 1277 natosque,
1745 1213 1819 1263 cui
1840 1228 1893 1261 se

116 1282 217 1332 fato
264 1282 450 1343 darent,
495 1283 628 1340 nihil,
665 1284 796 1346 quod
825 1283 1022 1331 humani
1057 1291 1341 1346 superesset
1378 1284 1504 1341 mali,
1542 1283 1892 1347 relinquebant.

119 1367 296 1416 magna
339 1368 453 1418 pars
491 1359 653 1402 tamen
688 1368 852 1402 earum
890 1352 940 1401 in
980 1368 1139 1402 arcem
1177 1368 1295 1402 suos
1337 1361 1619 1417 persecutae
1657 1361 1773 1403 sunt
1806 1368 1895 1402 nec
1929 1362 1956 1401 4

119 1423 409 1489 prohibente
443 1423 538 1472 ullo
573 1438 663 1472 nec
696 1430 924 1481 vocante,
963 1423 1072 1488 quia
1100 1424 1229 1488 quod
1259 1424 1370 1473 utile
1398 1424 1617 1474 obsessis
1643 1425 1700 1474 ad
1729 1423 1886 1474 minu-

121 1494 295 1544 endam
339 1494 561 1543 inbellem
599 1493 985 1550 multitudinem,
1033 1494 1077 1543 id
1114 1510 1286 1559 parum
1322 1495 1592 1545 humanum
1629 1502 1744 1545 erat.
1805 1495 1891 1544 alia
1930 1503 1954 1541 5

120 1564 332 1614 maxime
368 1564 522 1629 plebis
558 1564 724 1623 turba,
766 1580 908 1629 quam
945 1580 1032 1613 nec
1069 1581 1240 1630 capere
1273 1572 1371 1614 tam
1406 1567 1606 1630 exiguus
1644 1566 1777 1616 collis
1805 1581 1896 1615 nec

120 1635 246 1685 alere
273 1635 322 1684 in
343 1641 474 1685 tanta
496 1636 659 1700 inopia
680 1635 910 1684 frumenti
932 1642 1136 1700 poterat,
1165 1652 1221 1684 ex
1244 1636 1362 1685 urbe
1382 1638 1533 1686 effusa
1554 1638 1681 1687 velut
1702 1638 1894 1701 agmine

119 1706 216 1756 iam
243 1721 343 1756 uno
369 1706 506 1770 petiit
525 1705 805 1755 Ianiculum.
852 1706 964 1755 inde
986 1722 1101 1771 pars
1124 1723 1210 1771 per
1231 1723 1375 1770 agros
1397 1708 1585 1772 dilapsi,
1613 1724 1727 1773 pars
1748 1707 1893 1757 urbes
1930 1715 1955 1755 6

120 1861 311 1902 trachten
334 1860 400 1900 die
422 1859 576 1900 Worte
605 1859 670 1899 als
692 1859 960 1913 Asyndeton:

118 1917 185 1959 die
208 1917 351 1968 iibrige
374 1915 538 1968 Menge,
559 1930 595 1956 c.
614 1916 680 1966 40,
704 1917 743 1956 5.
766 1938 821 1944 —
842 1919 961 1970 utiq„

114 1974 240 2026 jedes
285 1973 424 2024 Faus,
485 1985 573 2013 was
622 1974 724 2012 auch
771 1972 959 2013 kommen

118 2033 185 2071 mii
217 2043 255 2080 e,
277 2044 316 2070 n.
341 2031 469 2070 durch
492 2030 565 2069 das
589 2029 726 2070 Alter.

213 2080 266 2128 0.
311 2087 348 2126 1.
394 2090 436 2127 in
478 2086 576 2140 Cap.
609 2090 735 2139 atque
770 2089 811 2126 in
848 2099 960 2135 arce,

119 2144 212 2184 hier
239 2144 330 2183 sind
361 2143 480 2183 beide
511 2143 654 2183 llb'hen
694 2143 959 2194 geschieden,

119 2213 156 2241 c.
180 2200 249 2251 39,
276 2200 341 2240 12.
363 2222 418 2229 —
451 2203 661 2240 trecentos
685 2214 737 2250 s.,
769 2212 803 2238 c.
827 2200 894 2247 54,
917 2201 955 2238 5.

118 2258 390 2310 —sortuna,
414 2269 447 2296 s.
472 2256 512 2306 6,
536 2256 603 2306 30,
625 2256 664 2304 6,
696 2257 765 2295 hat
789 2256 874 2295 sich
905 2269 955 2295 an

119 2314 198 2354 den
228 2314 429 2352 niichsten
462 2313 562 2352 Satz
600 2312 680 2351 und
720 2313 793 2352 das
822 2311 957 2351 Relat.

118 2369 468 2422 angeschlossen,
513 2370 624 2408 nicht
659 2381 709 2408 an
747 2382 959 2408 commen-

119 2426 284 2476 dantes,
317 2425 384 2476 21,
414 2426 483 2475 29,
513 2425 558 2463 6;
588 2439 641 2465 αη
672 2439 765 2466 cum
790 2440 851 2475 eo,
889 2427 961 2478 qui

118 2484 289 2538 primus
336 2496 383 2522 se
423 2481 645 2523 obtulisset
672 2506 696 2511 —
726 2484 957 2531 emer-citus,

119 2551 274 2579 monus
310 2542 574 2587 comeret-023
613 2537 680 2586 31,
713 2538 779 2589 22,
803 2537 851 2577 6;
890 2539 959 2588 40,

120 2594 189 2647 20,
211 2593 251 2636 3.
273 2617 328 2623 —
349 2597 544 2635 iuventae
566 2607 600 2634 c.
621 2594 660 2646 2,
686 2595 750 2634 13.

178 2650 303 2690 2-3.
346 2665 463 2705 spem
495 2674 523 2679 -
553 2664 698 2704 operm
742 2652 793 2691 im
836 2651 955 2701 Folg.

120 2720 192 2748 res
212 2710 388 2760 species,
419 2707 457 2755 2,
480 2707 547 2757 29,
572 2707 611 2746 9.
652 2729 706 2736 --
749 2711 838 2747 tum
861 2713 958 2758 etc.,

119 2764 194 2804 das
219 2763 483 2813 Wehklagen
518 2763 679 2803 maehte
710 2764 775 2803 die
797 2777 847 2804 an
872 2765 957 2804 sich

119 2821 246 2861 sehon
266 2821 452 2871 tram-ige
472 2820 581 2871 Lage
603 2821 704 2858 noch
725 2821 956 2870 trauriger:

119 2877 186 2917 die
208 2876 459 2928 Steigerung
481 2877 584 2926 liegt
606 2877 643 2915 in
667 2877 771 2916 nihil
786 2900 812 2906 —
829 2877 956 2917 relin-

120 2935 324 2986 quebant,
362 2940 482 2973 sonst
518 2934 671 2973 kb'nnte
709 2947 754 2972 es
792 2934 956 2974 heissen

120 2994 211 3031 tum
230 2990 781 3043 miserabi’liorsuctastetu
805 2996 884 3029 etc.
903 3012 958 3020 —-

121 3049 409 3097 concursatio,
442 3061 474 3086 s.
499 3048 538 3096 4,
557 3047 596 3095 6,
616 3047 655 3086 9.
693 3069 747 3075 -
783 3060 958 3098 sequen-

122 3105 250 3152 tium,
280 3103 408 3143 durch
439 3104 604 3157 synesis
640 3101 715 3142 auf
740 3103 958 3143 muliebris

120 3158 321 3210 haagen,
345 3173 379 3200 s.
404 3159 520 3209 2‚53‚
539 3159 578 3198 1:
619 3159 780 3200 Veiens
810 3160 958 3199 aeuum

120 3239 149 3245 —
169 3219 253 3269 qui,
276 3216 361 3267 vgl.
385 3217 419 3265 1,
438 3217 506 3264 -11,
535 3215 805 3265 1ς26,35,7;
829 3216 868 3264 4,
891 3215 957 3262 33,

123 3271 190 3313 10.
202 3295 256 3302 -
271 3275 492 3326 rogitant,
506 3273 713 3313 dasWort
730 3272 858 3313 findet
875 3273 960 3313 sich

1055 1860 1115 1901 ost
1138 1862 1175 1901 in
1201 1863 1275 1901 der
1296 1868 1439 1902 ersten
1463 1862 1628 1902 Decade
1651 1862 1895 1914 gebraucbt,

1054 1932 1086 1958 s.
1120 1918 1158 1967 3,
1190 1917 1256 1967 26,
1288 1921 1333 1968 9;
1372 1919 1424 1959 ib.
1455 1918 1522 1969 39,
1553 1920 1600 1967 93
1640 1919 1708 1969 52,
1740 1920 1787 1959 4:
1825 1919 1894 1970 61,

1057 1973 1106 2014 13
1149 1988 1187 2014 u.
1232 1988 1269 2015 a.
1312 1999 1364 2004 —
1408 1978 1543 2028 viros,
1586 1976 1652 2015 die
1695 1976 1895 2016 militaris

1051 2034 1249 2072 int-entus
1272 2045 1305 2071 c.
1331 2031 1397 2084 39,
1425 2032 1486 2072 12.
1511 2034 1696 2084 —sato,
1722 2032 1893 2084 2,40,9,

1051 2088 1138 2139 vgl.
1176 2088 1216 2137 3,
1258 2088 1324 2140 52,
1361 2089 1400 2128 4.
1438 2111 1493 2118 —
1530 2090 1709 2130 humani
1744 2102 1817 2136 m.,
1856 2103 1891 2128 s.

1053 2144 1221 2184 Cornel.
1254 2145 1455 2186 Themist.
1490 2146 1527 2195 7,
1559 2145 1596 2185 2.
1627 2168 1683 2175 —
1719 2146 1892 2199 relt’nq.:

1051 2202 1112 2241 sie
1132 2199 1399 2254 erschiipl'ten
1418 2202 1735 2250 Alles31iessen
1757 2203 1893 2242 nichts

1050 2258 1184 2308 iibrig,
1208 2270 1293 2297 was
1318 2259 1419 2297 noch
1441 2259 1556 2298 hiitte
1575 2258 1890 2299 hinzukommen

1053 2314 1238 2362 konnen,
1278 2314 1360 2365 vgl.
1400 2315 1608 2368 reliquum
1633 2317 1795 2368 sacer-e
1821 2315 1890 2365 22,

1052 2372 1119 2420 55,
1144 2373 1182 2411 5.

1107 2428 1232 2466 4—5.
1264 2432 1514 2481 persecutae
1544 2428 1788 2468 bezeichnet
1818 2430 1890 2468 das

1051 2483 1209 2534 Folgen
1242 2484 1301 2523 bis
1333 2497 1382 2524 an
1414 2486 1486 2524 das
1510 2483 1622 2533 Ziel‚
1661 2485 1728 2535 25,
1756 2485 1819 2533 10,
1845 2486 1890 2525 7:

1050 2543 1123 2593 qui
1142 2540 1359 2581 Romanos
1380 2565 1407 2570 -
1435 2544 1476 2581 in
1505 2554 1649 2582 arcem
1676 2546 1896 2596 persecuti

1050 2601 1175 2643 sunt3
1220 2598 1286 2643 45,
1327 2597 1366 2646 6,
1398 2598 1435 2638 7.
1477 2622 1532 2627 —
1573 2597 1656 2638 uuo
1696 2598 1892 2638 substan-

1050 2654 1215 2703 tiviscb,
1239 2655 1316 2693 avie
1338 2655 1597 2703 gewb‘hnlich
1622 2654 1685 2694 bei
1710 2654 1771 2704 L.,
1795 2669 1827 2695 s.
1851 2655 1890 2706 3,

1051 2710 1117 2759 57,
1142 2710 1188 2759 63
1227 2710 1265 2759 8,
1297 2710 1362 2759 26,
1396 2711 1442 2750 7;
1482 2711 1520 2758 9,
1551 2710 1619 2757 34,
1655 2711 1668 2749 1
1711 2724 1810 2751 u.a.
1834 2734 1890 2741 —

1049 2771 1251 2816 maa-inte,
1271 2768 1528 2818 vorziiglich.
1548 2768 1889 2817 griisstentheils‚

1049 2824 1117 2870 42,
1142 2825 1209 2872 55,
1238 2825 1309 2873 103
1334 2824 1400 2874 21,
1428 2824 1494 2871 46,
1519 2827 1556 2862 9.
1581 2846 1636 2852 -
1658 2823 1742 2863 alia
1759 2824 1889 2878 —pIe·

1050 2882 1127 2930 bis,
1158 2893 1191 2919 s.
1217 2894 1250 2921 c.
1275 2880 1343 2932 35,
1371 2881 1411 2928 1,
1451 2880 1730 2925 l‘roletarier,
1770 2879 1890 2921 Frei-

1049 2937 1271 2987 gelassene
1293 2950 1331 2976 u.
1351 2950 1382 2975 s.
1405 2949 1469 2984 w.‚
1502 2936 1658 2975 welche
1680 2937 1747 2976 die
1767 2936 1889 2977 Wes-

1049 2992 1116 3033 sen
1143 2994 1251 3032 nicht
1275 2991 1456 3039 ffihrten,
1487 3006 1520 3031 s.
1544 3006 1595 3031 zu
1620 3006 1654 3031 c.
1680 2993 1745 3042 37,
1768 2993 1814 3034 7:
1850 2995 1886 3044 1,

1049 3049 1117 3097 43,
1141 3049 1188 3095 83
1223 3049 1268 3088 L.
1291 3049 1416 3088 denkt
1437 3062 1486 3088 an
1511 3049 1576 3088 die
1602 3049 1724 3088 Plebs
1747 3051 1887 3090 seiner

1051 3105 1160 3146 Zeit.
1183 3128 1237 3134 —
1260 3108 1460 3157 arigium,
1491 3106 1565 3144 der
1587 3105 1806 3158 Capitolio.
1831 3108 1885 3147 ist

1050 3163 1125 3201 der
1163 3161 1341 3200 kleiuste
1377 3163 1452 3200 der
1480 3162 1622 3201 sieben
1654 3162 1800 3212 lliigel.
1831 3186 1886 3194 ——

1051 3221 1135 3257 iam
1160 3232 1263 3263 uno,
1294 3230 1339 3256 so
1363 3219 1489 3267 viele,
1523 3219 1619 3258 dass
1642 3220 1702 3258 sie.
1727 3219 1884 3260 bereits

1049 3276 1171 3315 einen
1195 3276 1677 3327 zusammenhiingeudeu
1695 3275 1787 3328 Zug
1804 3276 1885 3317 bil-
