2221 3537
144 248 178 272 ι.
195 239 264 274 cin.
281 239 358 272 ωε.
726 224 884 267 LIBER
916 224 985 267 lv.
1037 225 1154 267 CAP.
1176 227 1244 268 38.
1262 228 1328 268 39.

1801 229 1902 278 217

146 361 407 421 „parmata
434 354 612 404 cohors
638 353 767 402 sistit
792 354 1027 419 impetum
1056 353 1289 411 hostium,
1317 361 1477 404 actum
1505 356 1563 404 de
1589 357 1794 421 imperio
1815 363 1904 406 est.

145 425 403 491 sequimini
443 439 533 490 pro
569 424 736 473 vexillo
765 424 1015 489 cuspidem
1045 439 1230 482 meam;
1267 427 1503 475 ostendite
1530 428 1764 476 Romanis
1794 427 1906 476 Vol-

144 497 336 561 scisque
370 509 527 559 neque
563 494 806 560 equitibus
845 494 983 544 vobis
1020 494 1143 543 ullos
1178 494 1362 558 equites
1397 511 1487 545 nec
1526 498 1770 560 peditibus
1798 514 1906 547 esse

141 566 329 632 pedites
354 570 546 630 pares.“
595 581 704 615 cum
734 566 944 614 clamore
968 565 1267 629 conprobata
1294 566 1567 614 adhortatio
1596 576 1750 625 esset,
1780 569 1908 618 vadit
1941 577 1966 616 4

142 636 237 687 alte
261 636 514 701 cuspidem
544 651 733 699 gerens.
787 651 1094 699 quacumque
1120 636 1368 693 incedunt,
1398 637 1440 685 vi
1468 637 1588 685 viam
1618 639 1820 697 faciunt,
1847 656 1903 687 eo

142 722 197 757 se
229 706 446 757 inferunt
479 706 677 756 obiectis
715 706 928 770 parmis,
960 706 1042 755 ubi
1069 721 1273 756 suorum
1302 707 1565 771 plurimum
1596 709 1806 758 lahorem
1837 711 1904 758 vi-

142 778 273 827 dent.
324 777 594 827 restituitur
620 777 852 826 omnibus
879 777 999 826 locis
1027 792 1211 841 pugna,
1251 779 1301 826 in
1329 793 1449 841 quae
1475 794 1558 826 eos
1587 779 1797 843 impetus
1827 788 1903 829 tu·
1941 792 1964 829 5

142 848 218 910 lit3
244 863 337 898 nec
363 848 562 898 dubium
591 856 712 907 erat,
740 848 872 912 quin,
899 848 938 897 si
966 855 1062 897 tam
1093 849 1232 912 pauci
1261 849 1404 898 simul
1433 849 1566 898 obire
1593 851 1757 898 omnia
1787 867 1904 914 pos-

142 927 274 978 sent,
301 925 434 982 terga
463 919 621 969 daturi
648 920 816 968 hostes
842 919 1036 968 fuerint.
1089 920 1150 968 Et
1177 935 1286 968 cum
1315 920 1407 969 iam
1439 928 1573 984 parte
1601 921 1728 970 nulla
1757 922 1904 970 susti-
1942 923 2010 972 39

139 997 384 1049 nerentur,
413 991 492 1039 dat
518 991 711 1054 signum
741 990 945 1039 Volscus
974 990 1254 1054 imperator,
1282 998 1335 1040 ut
1361 992 1610 1054 parmatiS,
1642 1008 1794 1041 novae
1822 1009 1906 1041 co-

140 1060 268 1110 horti
301 1061 543 1118 hostium,
577 1062 714 1111 locus
750 1061 910 1122 detur,
946 1061 1102 1110 donec
1136 1061 1320 1126 impetu
1356 1062 1488 1111 inlati
1523 1062 1582 1111 ab
1611 1063 1712 1112 suis
1740 1063 1907 1112 exclu-

140 1132 333 1181 dantur.
386 1133 517 1196 quod
545 1132 625 1180 ubi
654 1139 728 1181 est
754 1132 955 1190 factum,
982 1132 1228 1181 interclusi
1257 1132 1445 1197 equites
1473 1148 1562 1181 nec
1589 1149 1907 1198 perrumpere
1943 1144 1966 1184 2

139 1202 322 1259 eadem,
351 1217 445 1266 qua
465 1203 776 1260 transierant,
798 1218 960 1266 posse,
982 1202 1044 1251 ibi
1068 1203 1275 1252 maxime
1297 1203 1528 1252 confertis
1551 1204 1791 1261 hostibuS,
1814 1221 1907 1269 qua

139 1271 266 1321 viam
291 1272 525 1331 fecerant,
553 1280 599 1322 et
624 1272 798 1321 consul
825 1272 1136 1336 legionesque
1164 1273 1430 1331 Romanae,
1459 1289 1583 1332 cum,
1610 1275 1739 1339 quod
1768 1281 1907 1339 tegu-
1943 1283 1967 1323 3

138 1357 253 1392 men
278 1343 428 1393 modo
457 1344 617 1392 omnis
644 1342 882 1392 exercitus
908 1343 1078 1402 fuerat,
1105 1359 1350 1408 nusquam
1372 1344 1604 1403 viderent,
1632 1361 1692 1393 ne
1713 1352 1786 1394 tot
1804 1346 1906 1394 for-

138 1413 360 1463 tissimos
401 1413 531 1462 viros
559 1414 853 1463 interclusos
882 1415 1182 1479 opprimeret
1208 1415 1390 1473 hostiS,
1429 1416 1634 1465 tendunt
1660 1416 1709 1465 in
1737 1431 1908 1480 quem-

140 1499 349 1549 cumque
382 1500 563 1534 casum.
616 1484 792 1534 diversi
819 1485 979 1534 Volsci
1013 1486 1128 1535 hinc
1155 1486 1404 1535 consulem
1434 1503 1489 1535 ac
1515 1487 1729 1550 legiones
1758 1488 1907 1537 susti-
1942 1498 1969 1538 4

138 1569 276 1617 nere,
304 1555 448 1605 altera
483 1555 645 1604 fronte
684 1557 864 1605 instare
892 1557 1163 1620 Tempanio
1202 1564 1343 1621 atque
1377 1557 1645 1621 equitibu53
1681 1558 1760 1622 qui
1797 1574 1907 1608 cum

139 1641 287 1690 saepe
329 1626 487 1676 conati
522 1627 805 1691 nequissent
836 1642 1155 1692 perrumpere
1190 1628 1248 1676 ad
1286 1644 1427 1686 suos,
1471 1629 1656 1677 tumulo
1694 1629 1906 1694 quodam

139 1703 375 1761 occupato
404 1698 451 1746 in
480 1697 647 1746 orbem
676 1714 729 1746 se
754 1698 1050 1756 tutabantur,
1078 1715 1382 1763 nequaquam
1411 1699 1574 1756 inulti;
1605 1716 1694 1749 nec
1720 1716 1909 1765 pugnae

137 1767 250 1817 finis
283 1775 393 1817 ante
426 1774 622 1817 noctem
659 1768 762 1817 fuit.
818 1769 991 1818 consul
1019 1785 1214 1834 quoque
1241 1785 1483 1834 nusquam
1513 1771 1721 1820 remisso
1751 1779 1906 1820 certa·
1944 1784 1968 1822 5

137 1839 292 1897 mine,
320 1839 435 1888 dum
464 1839 720 1903 quicquam
748 1840 990 1903 superfuit
1016 1840 1152 1895 lucis,
1180 1841 1375 1890 hostem
1405 1842 1570 1890 tenuit.
1623 1857 1720 1890 nox
1748 1842 1907 1892 incer-
1945 1852 1969 1891 6

136 1916 215 1958 tos
243 1908 462 1969 diremit3
486 1916 748 1974 tantusque
774 1911 831 1960 ab
860 1911 1168 1975 inprudentia
1197 1920 1396 1961 eventus
1426 1920 1627 1976 utraque
1656 1920 1813 1962 castra
1835 1921 1907 1963 te-

139 1980 246 2030 nuit
278 1995 452 2044 pavor‚
490 1988 541 2029 ut
573 1981 748 2030 relictis
785 1982 959 2031 sauciis
1000 1989 1047 2031 et
1079 1998 1250 2046 magna
1286 1991 1421 2047 parte
1459 1984 1907 2048 inpedimentorum

137 2050 280 2100 ambo
310 2067 398 2115 pro
428 2051 563 2101 victis
590 2052 826 2102 exereitus
856 2069 907 2101 se
934 2053 982 2101 in
1005 2059 1201 2102 montes
1223 2054 1477 2118 proximos
1501 2055 1784 2120 reciperent.
1830 2064 1907 2104 tu·
1946 2066 1968 2105 7

137 2121 298 2170 mulus
333 2129 495 2171 tamen
532 2123 886 2173 circumsessus
914 2125 1035 2173 ultra
1062 2125 1273 2174 mediam
1303 2132 1497 2174 noctem
1528 2133 1614 2174 est.
1668 2142 1763 2190 quo
1794 2142 1904 2175 cum

137 2192 606 2243 circumsedentibus
634 2195 909 2243 nuntiatum
939 2201 1068 2243 esset
1094 2205 1250 2244 castra
1278 2196 1466 2245 deserta
1494 2213 1615 2254 esse,
1643 2198 1795 2245 victos
1820 2199 1908 2246 rati

137 2279 254 2312 suos
309 2270 356 2313 et
403 2264 509 2328 ipsi,
557 2280 649 2328 qua
686 2281 928 2329 quemque
964 2266 1012 2314 in
1048 2266 1261 2315 tenebris
1297 2283 1448 2331 pavor
1484 2267 1616 2322 tulit,
1659 2268 1904 2331 fugerunt.

137 2399 193 2407 —
213 2380 434 2432 parmata,
464 2391 497 2418 s.
532 2377 579 2427 2,
610 2378 656 2428 ὓ,
685 2379 724 2418 9.
747 2402 800 2408 —
823 2381 975 2420 cohors

1068 2380 1136 2430 110,
1161 2380 1200 2418 3.
1223 2403 1275 2408 -
1298 2382 1338 2419 in
1362 2393 1662 2433 quemcumque
1684 2394 1734 2431 c.,
1756 2379 1909 2432 aufje·

137 2433 243 2474 kann
267 2434 501 2488 iiberhaupt
530 2437 649 2474 einen
674 2435 978 2488 Truppenkb’r-

1069 2438 1145 2476 den
1162 2434 1319 2485 Erfolg,
1338 2436 1436 2487 jede
1449 2436 1606 2476 Gesahr
1629 2439 1708 2489 liin,
1733 2438 1815 2488 vgl.
1841 2438 1907 2488 21,

139 2503 213 2543 per
234 2504 285 2530 zu
310 2490 416 2531 Fuss
440 2491 713 2544 bezeichnen,
746 2493 809 2532 die
835 2493 978 2533 Reiter

140 2547 231 2586 sind
271 2547 373 2586 aber
413 2548 570 2587 bereits
610 2548 880 2599 abgesessen.
923 2573 977 2579 —

138 2602 294 2643 veoeiuo
317 2603 390 2642 das
412 2603 688 2644 Feldzeichen
712 2607 787 2646 der
808 2605 977 2657 Tamna,

140 2659 187 2710 8,
226 2658 300 2708 39,
339 2659 377 2699 6.
401 2682 455 2688 —
477 2663 516 2699 si
542 2666 737 2715 possent,
776 2675 977 2715 praesens

139 2716 444 2768 conditionale,
467 2717 578 2756 nicht
597 2722 854 2771 potuissent,
880 2721 977 2760 weil

138 2773 214 2813 der
231 2771 430 2813 Gedanke
453 2773 671 2822 allgemein
697 2776 764 2823 ist,
794 2789 829 2815 s.
853 2777 889 2828 5,
910 2777 979 2828 51,

142 2830 178 2868 1.
221 2829 296 2869 Die
320 2842 450 2881 ganze
476 2830 746 2881 Darstellung
777 2833 890 2883 zeigt
912 2834 977 2873 die

140 2885 382 2937 Bedeutung
404 2887 478 2926 der
499 2886 683 2927 Reiterei
716 2888 754 2927 in
786 2889 861 2928 der
889 2887 979 2929 srii-

141 2943 267 2982 heren
292 2942 400 2983 Zeit.

197 3047 284 3097 39.
325 3055 444 3095 1-6.
478 3056 551 3096 dae
572 3059 668 3109 sig,
700 3058 738 3104 5,
770 3057 838 3109 36,
863 3058 900 3098 7.
922 3080 977 3088 -

140 3111 263 3152 inlati
281 3112 337 3152 ist
358 3112 423 3153 die
438 3112 725 3165 Fortsetzung
747 3127 826 3153 von
850 3128 884 3154 c.
910 3114 975 3166 38,

140 3168 187 3207 4:
226 3181 272 3209 eo
301 3182 348 3209 se
374 3171 590 3223 inferunt:
628 3171 692 3209 die
724 3171 809 3210 sich
842 3171 880 3211 in
912 3172 976 3211 die

143 3223 298 3265 nethen
330 3226 405 3265 der
427 3227 583 3267 Feinde
614 3227 743 3266 haben
781 3225 976 3268 sou-treis-

142 3293 215 3321 seu
237 3281 389 3322 lassen.
409 3305 465 3314 —-
481 3283 571 3325 ead.
593 3297 688 3338 qua,
718 3283 754 3336 3,
779 3284 844 3337 70,
867 3284 914 3324 4:
938 3284 975 3337 5,

1069 2493 1136 2543 33,
1162 2495 1210 2540 53
1238 2494 1304 2542 2⁴5,
1332 2493 1395 2542 ll,
1421 2494 1466 2534 2:
1502 2494 1568 2542 37,
1596 2494 1658 2546 12,
1688 2495 1909 2533 11:1'711'11-

1069 2554 1228 2590 certam
1260 2553 1569 2604 tempestatem.
1613 2554 1717 2591 —1‘12
1754 2553 1907 2601 orbem,

1071 2608 1108 2646 in
1132 2608 1250 2646 einen
1277 2605 1420 2656 liceis,
1452 2608 1553 2646 oder
1586 2608 1678 2646 eine
1702 2606 1907 2647 kreisffir-

1068 2665 1175 2713 niige
1200 2664 1412 2712 Stellung,
1444 2665 1580 2703 volles
1605 2663 1789 2716 Quarre,
1813 2678 1846 2703 s.
1872 2679 1905 2704 c.

1070 2720 1143 2765 28,
1168 2719 1216 2768 3;
1249 2720 1292 2772 2,
1326 2721 1396 2771 50,
1424 2721 1469 2768 ῖς
1503 2721 1633 2774 Marq.
1658 2721 1703 2770 3,
1737 2722 1780 2764 2,
1812 2721 1904 2772 329,

1069 2778 1155 2817 sicli
1181 2777 1387 2825 ordnend,
1418 2791 1481 2817 um
1506 2779 1604 2816 nach
1629 2778 1737 2817 allen
1762 2778 1904 2816 Seiten

1070 2834 1201 2875 Front
1238 2835 1406 2873 machen
1446 2848 1497 2873 zu
1528 2834 1717 2881 kiinnen3
1754 2834 1829 2872 der
1863 2837 1902 2873 ιἰι

1069 2891 1396 2930 veranlassende
1423 2891 1577 2941 Begriff
1604 2891 1656 2928 ist
1682 2903 1731 2928 zu
1755 2890 1905 2940 erg‘a‘n-

1071 2961 1171 2997 zen,
1195 2947 1277 2998 vgl.
1302 2947 1376 2997 37,
1401 2948 1474 2997 29,
1509 2947 1553 2985 S:
1586 2949 1693 2985 binis
1722 2949 1762 2985 in
1789 2946 1905 2986 ordi-

1067 3018 1162 3044 nem
1185 3006 1382 3044 navibus:
1416 3004 1454 3052 3,
1479 3003 1542 3052 ⁴3,
1570 3004 1618 3047 7;
1647 3002 1714 3051 28,
1738 3002 1804 3049 22,
1832 3003 1900 3042 15:

1068 3063 1108 3100 τἰι
1133 3061 1273 3101 orbem
1295 3063 1559 3115 pugnantes:
1584 3059 1636 3098 ib.
1661 3059 1727 3104 33,
1764 3059 1827 3099 15.
1850 3082 1903 3088 ——

1068 3131 1229 3170 quoque
1248 3131 1392 3168 trusty..
1424 3129 1457 3154 s.
1483 3130 1516 3154 c.
1541 3116 1586 3164 3,
1619 3116 1664 3154 7:
1690 3116 1761 3165 32,
1786 3115 1824 3154 2.
1849 3138 1902 3144 —

1068 3177 1213 3227 quicq„
1243 3173 1281 3223 3,
1306 3174 1369 3222 55,
1394 3173 1431 3211 8.
1454 3195 1508 3200 —
1530 3171 1804 3227 imprudent,
1827 3173 1900 3212 das

1069 3229 1363 3271 Nichtwissen.

1128 3287 1148 3325 7
1172 3310 1200 3316 -
1221 3286 1258 3325 9.
1309 3298 1391 3338 qua
1413 3285 1493 3325 wie
1515 3298 1551 3325 c.
1575 3283 1649 3336 37,
1680 3286 1727 3338 9,
1750 3285 1900 3326 anders
