2221 3537
0 258 2 265 '
80 272 115 297 ιι.
140 264 208 296 Cb.
234 264 311 296 svo.

15 399 17 404 ·
79 379 177 430 vini
203 379 263 431 ad
290 380 432 430 aedes
458 379 586 438 eius,
613 395 736 444 quae
762 381 812 430 in
838 395 948 430 arce
972 387 1133 438 erant,
1161 380 1471 430 contulerunt
1496 410 1561 416 —-
1590 396 1692 430 rem
1721 382 1850 432 dictu

675 252 835 294 Llssssn
868 252 918 295 V.
965 251 1082 293 CAP.
1113 254 1180 293 47.
1211 254 1279 294 48.

76 465 291 516 parvam,
317 456 528 501 ceterum
550 449 714 514 inopia
733 450 913 500 fecerat
932 465 1038 499 eam
1058 458 1401 513 argumentum
1422 452 1597 514 ingens
1620 452 1847 509 caritatis,

77 535 188 572 cum
215 536 268 571 se
292 520 499 586 quisque
527 521 654 571 victu
680 537 770 570 suo
797 520 1026 572 fraudans
1053 520 1319 569 detractum
1349 522 1545 585 corpori
1574 529 1717 586 atque
1747 524 1847 572 usi-

75 590 170 642 bus
210 591 498 641 necessariis
533 591 592 640 ad
633 591 872 641 honorem
913 591 1057 640 unius
1094 590 1182 639 viri
1225 591 1482 640 conferret.
1544 599 1648 641 tum
1688 594 1847 657 vigiles
1886 600 1911 639 9

75 661 182 712 eius
207 660 316 720 loci,
343 677 436 726 qua
460 661 697 711 fefellerat
720 661 989 711 ascendens
1017 661 1188 719 hostis,
1215 662 1368 720 citati3
1396 669 1443 710 et
1468 677 1578 711 cum
1605 663 1651 711 in
1675 679 1847 712 omnes

73 746 214 782 more
247 731 440 782 militari
466 748 518 782 se
544 732 996 782 animadversurum
1026 733 1083 791 Q.
1113 732 1354 795 Sulpicius
1381 732 1607 781 tribunus
1637 734 1844 783 militum

73 801 465 868 pronuntiasset,
509 804 842 853 consentiente
891 803 1102 853 clamore
1137 803 1343 852 militum
1381 803 1427 851 in
1469 818 1618 852 unum
1655 804 1842 866 vigilem
1885 813 1933 852 10

72 873 382 924 coicientium
410 875 599 938 culpam
628 874 886 924 deterritus
915 891 940 924 a
967 874 1138 924 ceteris
1166 873 1415 932 abstinuit,
1444 889 1580 923 reum
1604 873 1729 923 baud
1752 875 1843 924 du-

70 942 204 994 bium
230 944 334 995 eius
361 959 515 994 noxae
541 945 925 1010 adprobantibus
953 945 1140 995 cunctis
1168 945 1226 993 de
1253 961 1371 993 saxo
1397 945 1582 994 deiecit.
1627 945 1740 994 inde
1766 946 1841 994 in-
1883 952 1926 991 11

68 1014 304 1065 tentiores
330 1015 575 1080 utrimque
604 1017 855 1067 custodiae
878 1032 1002 1075 esse,
1030 1024 1077 1065 et
1102 1016 1231 1080 apud
1255 1015 1434 1074 Gallos,
1463 1016 1572 1080 quia
1599 1016 1841 1080 vulgatum

69 1091 171 1135 erat
195 1085 321 1136 inter
340 1086 483 1136 Veios
506 1087 812 1151 Romamque
832 1088 1031 1137 nuntios
1056 1102 1347 1145 commeare,
1374 1094 1421 1135 et
1441 1086 1567 1150 apud
1590 1086 1842 1136 Romanos

69 1155 128 1205 ab
153 1156 383 1207 nocturni
409 1157 606 1222 periculi
635 1158 888 1208 memoria.

208 1226 305 1277 Sed
341 1234 452 1277 ante
488 1229 651 1278 omnia
685 1229 954 1278 obsidionis
991 1228 1197 1292 bellique
1233 1228 1354 1277 mala
1389 1228 1543 1276 fames
1581 1235 1842 1292 utrumque
1878 1228 1947 1276 48

66 1297 332 1347 exercitum
366 1298 591 1362 urgebat,
638 1299 801 1348 Gallos
839 1298 1108 1364 pestilentia
1146 1299 1317 1354 etiam,
1366 1313 1475 1346 cum
1512 1298 1619 1346 loco
1658 1298 1842 1347 iacente
1878 1303 1902 1342 2

64 1367 193 1417 inter
217 1367 434 1418 tumulos
461 1374 619 1418 castra
645 1369 878 1419 habentes
904 1377 1007 1418 tum
1036 1368 1094 1418 ab
1115 1368 1350 1418 incendiis
1372 1368 1559 1416 torrido
1581 1376 1629 1417 et
1647 1369 1840 1432 vaporis

64 1437 211 1501 pleno
247 1438 558 1503 cineremque
594 1455 696 1489 non
733 1440 978 1504 pulverem
1007 1439 1156 1488 modo
1183 1439 1391 1497 ferente,
1431 1454 1541 1487 cum
1571 1439 1684 1503 quid
1713 1440 1841 1488 venti

65 1514 258 1558 motum
285 1516 428 1558 esset.
474 1525 683 1574 quorum
711 1510 1136 1560 intolerantissima
1159 1525 1293 1573 genS,
1319 1509 1578 1573 umorique
1599 1525 1654 1558 ac
1672 1509 1842 1572 frigori
1878 1517 1902 1556 3

64 1578 277 1639 adsueta,
306 1595 414 1629 cum
443 1587 580 1630 aestu
606 1588 652 1630 et
677 1596 856 1646 angore
884 1588 1046 1630 vexata
1077 1581 1275 1644 vulgatis
1305 1580 1433 1629 velut
1458 1580 1504 1628 in
1533 1595 1682 1644 pecua
1706 1596 1841 1630 mor-

64 1649 138 1700 bis
171 1658 507 1710 morerentur,
542 1652 635 1700 iam
664 1652 855 1716 pigritia
884 1652 1102 1716 singulos
1132 1651 1399 1715 sepeliendi
1429 1651 1678 1714 promisce
1705 1667 1840 1701 acer-

59 1818 325 1871 perstinliche
357 1819 591 1869 Beziebung
620 1819 902 1859 bervorzuhe-

60 1875 154 1916 ben.
176 1897 232 1904 —
252 1875 455 1927 selibras,
481 1877 517 1927 4,
547 1876 610 1927 15,
633 1875 681 1923 ὃς
708 1877 745 1924 7,
769 1875 837 1926 37,
862 1875 901 1916 3.

59 1945 151 1972 rem
179 1931 219 1972 d.
248 1945 394 1987 partu,
423 1932 507 1983 vgl.
539 1933 590 1981 4,
620 1932 684 1983 17,
714 1932 763 1981 4;
801 1932 903 1972 aber

58 1988 150 2029 hier
170 1985 253 2029 fast
274 1989 339 2029 ein
363 1988 540 2040 Ausruf,
564 1989 694 2029 daher
715 1993 903 2030 ceterum

59 2058 166 2086 eam.
196 2046 510 2098 —sraudans,
548 2045 594 2094 2,
636 2045 709 2096 10,
750 2044 814 2085 13.
845 2068 902 2075 -

55 2104 308 2143 necessariis
329 2117 416 2154 m.‚
443 2104 598 2142 nabere
623 2102 902 2154 Bestimmung

59 2171 112 2197 zu
132 2161 321 2212 corpori:
345 2159 460 2199 ibren
486 2160 660 2210 eigenen
684 2159 902 2199 nothwen-

58 2215 178 2266 digen
200 2214 681 2264 Lebensbediirfnissen,
705 2214 744 2265 3,
768 2216 835 2266 521,
860 2215 899 2255 8.

57 2271 286 2325 —sefell.,
310 2285 346 2312 c.
369 2271 409 2324 2,
432 2273 471 2312 3.
495 2295 551 2302 ——
571 2285 692 2312 more
711 2285 784 2323 m.‚
806 2286 838 2312 s.
864 2286 900 2313 c.

62 2327 127 2379 19,
149 2328 191 2369 4.

118 2394 214 2434 10-
234 2394 299 2435 11.
337 2395 390 2436 de
416 2409 547 2446 saxo,
580 2397 625 2446 6,
652 2397 725 2447 20,
754 2395 825 2436 12:
850 2396 902 2436 de

57 2464 168 2492 saxo
194 2451 372 2506 Tarpeio
395 2452 655 2499 deiecerun&
682 2454 749 2504 24,
773 2453 837 2504 20,
861 2453 898 2505 6,

57 2507 141 2558 vgl.
165 2507 241 2558 45,
268 2508 336 2557 22,
359 2509 407 2558 7;
430 2516 550 2550 sonet
573 2511 642 2550 bat
660 2510 706 2550 L.
725 2509 790 2549 bei
809 2509 898 2549 dei—

57 2577 152 2605 cere
179 2565 258 2605 den
291 2564 457 2605 blossen
490 2566 582 2606 Abl.
613 2567 679 2607 od.
710 2580 790 2614 etz-3
823 2579 900 2606 zur

57 2620 189 2661 Sucbe
220 2634 254 2662 e.
278 2621 397 2661 Dion.
426 2620 497 2669 13,
525 2622 589 2662 12.
613 2646 668 2652 —
688 2623 786 2663 inde
805 2626 898 2675 int„

57 2691 90 2717 e.
115 2677 160 2731 8,
192 2676 238 2728 8,
265 2677 308 2726 13
333 2679 417 2729 vgl.
442 2678 638 2718 Claudius
661 2678 899 2731 Quadriga-

57 2734 144 2774 rius
175 2734 240 2774 bei
263 2734 374 2775 Gell.
402 2735 465 2784 17,
496 2734 542 2785 2,
572 2734 646 2774 26:
675 2738 898 2789 putabant,

54 2794 192 2844 inquit
214 2791 478 2841 (Claudius),
508 2805 580 2831 eos
608 2794 809 2845 quisoris
830 2797 900 2833 at-

55 2861 135 2901 que
161 2850 234 2902 qui
253 2850 297 2888 in
317 2861 418 2889 arce
439 2852 563 2888 erant
582 2851 694 2888 inter
714 2863 761 2889 se
781 2862 897 2890 com-

55 2907 309 2946 mutationes
331 2909 374 2945 et
394 2904 746 2958 consiliasacere.

113 2996 200 3047 48.
238 3005 278 3047 2.
319 3005 410 3046 loco
438 3012 538 3056 etc„
568 3007 635 3046 die
658 3005 769 3056 Lago
793 3006 896 3045 zwi-

55 3063 182 3103 seben
218 3063 296 3103 den
335 3062 493 3113 Hiigeln
532 3064 607 3102 der
645 3063 791 3114 stadt,
828 3075 893 3102 wo

55 3119 143 3159 sich
166 3119 394 3160 besonders
418 3120 468 3159 im
494 3119 688 3169 Herbste,
711 3120 787 3158 der
807 3120 897 3159 hier

55 3189 106 3215 zu
129 3175 290 3216 denken
321 3178 398 3227 ist,
430 3177 617 3216 Seuchen
641 3176 719 3216 und
745 3174 897 3216 Fieber

54 3244 278 3283 erzeugen,
303 3245 337 3274 s.
360 3232 401 3284 3,
424 3234 462 3281 6,
487 3233 525 3274 2.
542 3255 598 3262 —
616 3235 897 3285 cineremque,

53 3290 129 3330 mit
154 3288 400 3331 Nacbdruck
437 3302 598 3331 vorau-
637 3290 718 3329 und
756 3301 895 3340 umge-

997 1818 1136 1867 stellt,
1160 1832 1193 1858 s.
1217 1816 1244 1870 ξ
1268 1818 1314 1866 73
1339 1816 1383 1870 3,
1408 1818 1445 1868 7,
1469 1818 1517 1867 4;
1543 1818 1610 1870 21,
1633 1821 1700 1873 54,
1724 1820 1761 1860 3.
1784 1844 1841 1851 —

992 1876 1178 1927 serente,
1200 1872 1434 1924 aufsteigen
1460 1875 1575 1925 liess,
1598 1878 1724 1917 durch
1744 1891 1840 1919 cum

995 1931 1096 1984 quid
1109 1937 1206 1982 etc.,
1224 1930 1319 1980 „bei
1333 1931 1473 1980 jedem
1492 1932 1669 1973 leicbten
1687 1934 1837 1974 Wind-

994 1988 1146 2039 zuge“,
1168 1987 1358 2038 ergiinzt.

1051 2045 1088 2084 3.
1136 2057 1319 2098 quorum
1340 2068 1369 2072 —
1396 2044 1580 2085 adsueta
1616 2047 1729 2086 steht
1764 2060 1836 2086 zu·

994 2102 1142 2141 niichst
1170 2102 1244 2141 mit
1265 2102 1356 2140 dem
1381 2100 1640 2153 Vorbcrgeb.
1666 2104 1705 2142 in
1731 2102 1839 2144 Ver-

994 2158 1175 2209 bindung
1210 2158 1292 2197 und
1326 2157 1442 2207 giebt
1477 2158 1555 2198 den
1593 2157 1736 2199 Grund
1772 2173 1837 2214 nn,

993 2227 1151 2254 warum
1184 2215 1250 2254 die
1273 2214 1517 2254 erwiihuten
1543 2214 1835 2257 Verbaltnisse

992 2272 1144 2322 gerade
1166 2269 1241 2309 auf
1256 2271 1322 2310 die
1342 2269 1503 2310 Gallier
1518 2284 1565 2310 so
1584 2273 1838 2324 naclitbeilig

992 2327 1186 2377 wirkten,
1205 2327 1335 2366 bildet
1352 2326 1566 2367 aber-auch
1586 2329 1663 2368 den
1678 2328 1836 2369 [ieher-

991 2397 1098 2434 gang
1139 2397 1190 2422 zu
1232 2384 1308 2422 der
1345 2383 1492 2423 lockcr
1526 2384 1835 2438 engekniipften

991 2441 1235 2490 Erkl‘zirung
1256 2441 1330 2479 des
1350 2439 1590 2493 Ursprungs
1613 2442 1688 2481 der
1708 2444 1835 2483 busta

994 2496 1149 2538 Gallica
1167 2528 1177 2547 ,
1234 2498 1313 2536 und
1364 2497 1420 2536 ist
1463 2499 1711 2538 namentlicb
1754 2512 1832 2539 von

990 2557 1148 2594 τριταία
1179 2554 1291 2593 nicht
1321 2566 1371 2592 zu
1403 2559 1595 2594 trennen.
1626 2577 1682 2584 —
1713 2569 1833 2596 umo-

990 2614 1109 2664 rique
1150 2613 1203 2660 (=
1238 2611 1429 2654 humori)
1474 2617 1552 2650 etc.
1572 2641 1583 2659 ,
1633 2611 1672 2650 in
1716 2612 1832 2653 ibren

991 2668 1295 2713 Wobnsitzen,
1327 2679 1391 2707 am
1424 2666 1587 2717 Oceen,
1618 2681 1652 2707 c.
1684 2667 1760 2719 37,
1792 2669 1831 2711 2.

989 2725 1072 2764 Das
1106 2725 1234 2764 raube
1257 2722 1391 2763 Klima
1418 2723 1606 2764 Gallicus
1637 2725 1741 2764 wird
1771 2725 1833 2766 oft

990 2781 1202 2832 erwiihnt,
1233 2794 1267 2820 s.
1293 2781 1379 2821 Cic,
1404 2781 1453 2820 de
1477 2794 1593 2833 prov.
1618 2794 1731 2820 cons.
1758 2782 1830 2821 12:

989 2838 1092 2890 quid
1120 2842 1186 2878 est
1214 2837 1295 2877 illis
1323 2839 1572 2889 regionibus
1602 2838 1828 2890 asper-iun

990 2894 1108 2935 Caes.
1147 2895 1188 2934 B.
1228 2893 1276 2933 G.
1320 2893 1467 2942 1,16;
1508 2894 1548 2943 7,
1580 2892 1604 2931 8
1639 2906 1678 2932 u.
1707 2906 1744 2933 a.
1776 2918 1831 2924 —

989 2955 1134 3001 aestu,
1165 2951 1292 2991 Glutb
1324 2950 1361 2988 in
1386 2948 1516 2998 Folge
1540 2949 1616 2988 der
1637 2949 1828 2990 Sonnen-

988 3008 1099 3047 hitze
1138 3008 1219 3047 und
1251 3007 1325 3045 der
1355 3005 1712 3050 Feuersbriinste;
1750 3021 1829 3047 au·

984 3078 1105 3116 gere,
1133 3064 1424 3111 Beklemmung
1446 3062 1572 3101 durch
1596 3063 1726 3102 suub
1748 3065 1828 3104 und

988 3122 1140 3161 Ascbe.
1162 3143 1216 3149 —
1238 3122 1522 3168 morerentur,
1545 3117 1621 3158 auf
1637 3120 1702 3159 die
1725 3119 1828 3160 Ein-

987 3178 1135 3217 zelnen
1167 3176 1366 3226 bezingen,
1389 3176 1440 3215 da
1462 3176 1535 3215 das
1559 3175 1755 3216 Priidicet
1776 3190 1829 3217 zu

983 3248 1094 3286 gens
1126 3233 1238 3273 nicht
1268 3238 1423 3284 passte.
1447 3254 1498 3260 —
1521 3235 1699 3286 pigrite'a
1722 3247 1827 3288 sep„

991 3291 1025 3344 1,
1056 3291 1127 3330 31.
1161 3291 1206 3329 5:
1234 3290 1416 3343 pegvu‘h'a
1443 3288 1679 3338 nu'litandi3
1709 3289 1755 3340 6,
1787 3291 1825 3334 4,

1405 3358 1487 3397 23·

1751 255 1851 305 355
