2221 3537
845 266 1171 309 vamocmn.
1787 269 1887 318 373

136 397 305 452 inpensa
328 396 503 447 largitus
524 398 603 443 est,
626 399 669 434 et
691 393 741 433 ob
762 394 801 434 id
823 391 974 434 factum
996 394 1217 433 conciliata
1241 393 1318 434 sibi
1340 393 1459 446 plebe
1483 405 1652 444 regnum
1673 393 1889 434 adfectans

131 466 172 495 a.
207 452 252 494 C.
283 452 464 493 Servilio
493 450 625 491 Abala
656 451 855 501 magistro
885 450 1066 503 equitum
1095 450 1210 489 iussu
1232 450 1395 502 Quincti
1414 450 1643 490 Cincinnati
1673 450 1890 490 dictatoris

131 509 294 551 occisus
323 514 403 549 est.
443 506 490 548 L.
515 506 719 547 Minucius
749 507 873 546 index
903 505 1008 545 bove
1029 511 1175 545 aurata
1199 506 1373 545 donatus
1404 512 1483 545 est.
1527 506 1674 556 legatis
1697 505 1889 546 Romanis

132 578 157 607 a
177 564 448 607 Fidenatibus
478 562 646 615 occisis,
679 563 868 615 quoniam
900 562 950 601 ob
982 574 1067 601 rem
1099 561 1298 614 publicam
1329 562 1622 611 occubuerant,
1654 568 1818 602 statuae
1848 563 1887 601 in

134 621 286 662 rostris
304 620 465 674 positae
495 624 607 658 sunt.
648 618 805 658 Cossus
838 617 1057 658 Cornelius
1088 617 1278 656 tribunus
1307 618 1479 658 militum
1503 619 1641 658 occiso
1671 617 1887 658 Tolumnio

130 675 353 717 Veientum
376 687 473 725 rege
500 675 632 728 opima
656 674 787 728 spolia
808 674 989 713 secunda
1011 673 1168 713 retulit.
1213 672 1333 712 Mam.
1359 674 1560 713 Aemilius
1583 674 1763 714 dictator
1789 688 1886 714 cen—

128 744 253 773 surae
274 733 486 780 honorem,
508 731 576 783 qui
596 737 716 771 antea
740 743 814 783 per
830 729 1148 783 quinquennium
1165 729 1404 779 gerebatur,
1426 730 1521 769 anni
1539 735 1581 768 et
1598 743 1670 769 sex
1692 731 1890 770 mensium

130 788 265 842 spatio
297 788 410 837 finit3
441 788 492 828 ob
521 800 607 828 eam
637 801 723 827 rem
750 799 773 825 a
802 787 1045 826 censoribus
1068 792 1234 825 notatus
1257 791 1335 825 est.
1376 784 1555 825 Fidenae
1579 786 1616 824 in
1641 792 1891 838 potestatem

132 844 346 897 redactae,
375 857 507 897 eoque
538 844 673 884 coloni
700 843 815 883 missi
845 848 962 892 sunt3
994 842 1138 895 quibus
1169 842 1317 881 occisis
1341 841 1564 881 Fidenates
1595 854 1683 881 cum
1713 840 1892 882 defecis-

136 906 251 949 sent,
281 901 332 940 ab
363 900 484 941 Mam.
507 900 682 941 Aemilio
715 900 920 939 dictatore
949 900 1050 939 victi
1069 904 1166 938 sunt
1187 904 1229 938 et
1251 897 1433 937 Fidenae
1458 903 1616 951 captae.
1661 899 1889 938 coniuratio

132 968 349 997 servorum
378 969 592 1011 oppressa.
636 956 870 996 Postumius
902 955 1091 995 tribunus
1119 955 1292 994 militum
1322 960 1494 1007 propter
1521 954 1811 994 crudelitatem
1841 955 1889 994 ab

131 1013 322 1053 exercitu
350 1014 511 1054 occisus
542 1019 620 1053 est.
663 1012 910 1065 stipendium
940 1025 991 1052 ex
1023 1012 1187 1051 aerario
1219 1016 1303 1050 tum
1334 1011 1505 1063 primum
1534 1010 1731 1050 militibus
1753 1012 1889 1051 datum

130 1073 210 1109 ost.
252 1081 321 1109 res
350 1075 570 1123 praeterea
599 1075 741 1120 gestas
771 1068 974 1108 adversus
997 1067 1176 1109 Vulscos
1205 1072 1247 1106 et
1269 1066 1492 1106 Fidenates
1515 1072 1557 1106 et
1579 1065 1769 1107 Faliscos
1791 1081 1890 1107 con-

130 1124 249 1166 tinet.

850 1280 937 1320 Ex
967 1279 1079 1320 LIB.
1115 1280 1162 1321 V.

245 1350 288 1392 ln
326 1351 540 1391 obsidione
570 1350 768 1391 Veiorum
804 1350 1071 1390 hibernacula
1106 1351 1305 1390 militibus
1336 1350 1444 1390 facta
1474 1357 1586 1390 sunt.
1628 1364 1675 1390 ea
1705 1364 1773 1390 res
1803 1364 1893 1390 cum

134 1413 251 1448 esset
271 1420 398 1458 nova,
427 1407 750 1458 indignationem
780 1405 1039 1446 tribunorum
1069 1406 1202 1458 plebis
1233 1407 1381 1453 movit,
1413 1407 1673 1459 querentium
1706 1420 1784 1446 non
1805 1408 1894 1447 dari

131 1463 242 1517 plebi
259 1477 333 1504 nec
355 1476 430 1516 per
450 1464 622 1503 hiemem
642 1463 813 1502 militiae
837 1463 1032 1514 requiem.
1073 1463 1236 1514 equites
1259 1469 1343 1502 tum
1367 1463 1537 1515 primum
1559 1464 1674 1515 equis
1697 1464 1784 1502 suis
1807 1476 1893 1504 me-

135 1532 230 1560 rere
250 1525 492 1573 coeperunt.
534 1532 624 1559 cum
647 1519 860 1558 inundatio
883 1531 935 1557 ex
960 1519 1051 1558 lacu
1075 1518 1234 1557 Albano
1257 1517 1365 1558 facta
1389 1524 1528 1567 esset,
1550 1525 1691 1569 vates,
1715 1519 1782 1572 qui
1803 1532 1893 1560 eam

136 1588 222 1616 rem
244 1576 617 1630 interpretaretur,
645 1589 698 1615 ex
722 1575 910 1615 hostibus
934 1580 1079 1627 captus
1102 1580 1182 1615 est.
1224 1574 1376 1614 Furius
1399 1574 1596 1614 Camillus
1619 1576 1799 1614 dictator
1821 1576 1893 1615 de-

134 1644 222 1672 cem
257 1645 388 1672 annos
425 1633 622 1672 obsessos
651 1631 780 1671 Veios
804 1631 936 1683 cepit,
966 1630 1230 1670 simulacrum
1260 1631 1434 1672 lunonis
1466 1630 1631 1671 Romam
1662 1633 1893 1683 transtulit,

133 1688 329 1728 decimam
359 1690 537 1742 praedae
561 1688 741 1741 Delphos
765 1688 945 1740 Apollini
975 1687 1097 1726 misit.
1142 1688 1246 1727 idem
1282 1688 1473 1727 tribunus
1504 1687 1676 1727 militum
1699 1700 1788 1727 cum
1813 1688 1893 1729 Fa-

132 1743 259 1784 liscos
281 1745 509 1795 obsideret,
531 1745 718 1797 proditos
740 1745 917 1783 hostium
941 1743 1047 1783 filios
1071 1743 1311 1796 parentibus
1344 1744 1505 1783 remisit
1533 1744 1754 1797 statimque
1777 1745 1892 1784 dedi-

134 1799 248 1840 tione
270 1798 379 1841 l'acta
402 1800 661 1841 Faliscorum
684 1801 901 1840 victoriam
926 1800 1085 1839 iustitia
1107 1806 1356 1840 consecutus
1378 1806 1457 1840 est.
1495 1813 1583 1840 cum
1603 1801 1710 1840 alter
1728 1813 1780 1840 ex
1798 1813 1894 1840 cen-

136 1856 301 1897 soribus
329 1855 375 1897 C.
405 1856 533 1897 Iulius
570 1858 846 1907 decessisset,
882 1857 922 1895 in
961 1857 1094 1895 locum
1132 1857 1221 1895 eius
1244 1856 1298 1896 M.
1324 1855 1542 1896 Cornelius
1579 1857 1778 1896 suffectus
1815 1863 1893 1897 est.

135 1925 211 1952 nec
239 1913 279 1953 id
301 1918 445 1966 postea
468 1913 622 1953 sactum
645 1919 732 1963 est,
758 1913 946 1965 quoniam
969 1925 1017 1951 eo
1041 1913 1174 1952 lustro
1197 1925 1220 1952 a
1245 1912 1377 1952 Gallis
1400 1912 1527 1952 Roma
1551 1919 1668 1966 capta
1692 1919 1770 1953 est.
1812 1913 1897 1953 Fu-

133 1969 220 2009 rius
242 1968 454 2021 Camillus,
478 1982 567 2009 cum
590 1972 630 2009 ei
648 1970 736 2009 dies
758 1982 781 2008 a
800 1969 845 2008 L.
867 1969 1040 2021 Apuleio
1060 1969 1224 2008 tribuno
1243 1969 1373 2022 plebis
1393 1969 1500 2009 dicta
1518 1976 1646 2020 esset,
1664 1971 1702 2009 in
1723 1970 1896 2010 exilium

132 2024 234 2065 abit.
275 2038 366 2065 cum
395 2025 505 2066 Galli
533 2026 720 2065 Senones
756 2025 939 2065 Clusium
972 2025 1232 2076 obsiderent,
1263 2031 1305 2065 et
1334 2027 1459 2076 legati
1494 2039 1516 2065 a
1539 2032 1687 2066 senatu
1708 2027 1822 2066 missi
1844 2027 1896 2065 ad

134 2082 440 2134 conponendam
472 2082 583 2121 inter
605 2095 677 2122 eos
701 2088 744 2121 et
765 2081 958 2121 Clusinos
982 2094 1122 2135 pacem
1146 2088 1375 2134 pugnantes
1398 2087 1543 2122 contra
1567 2081 1711 2122 Gallos
1740 2082 1779 2121 in
1805 2083 1895 2122 acie

135 2136 398 2178 Clusinornm
434 2141 674 2187 stetissent,
712 2140 788 2178 hoc
818 2136 927 2177 facto
956 2151 1099 2177 eorum
1128 2139 1323 2178 concitati
1353 2138 1540 2178 Senones
1571 2138 1713 2179 urbem
1744 2136 1894 2178 infesto

132 2195 323 2234 exercitu
345 2194 574 2247 petierunb
592 2193 778 2247 fusisque
799 2195 850 2233 ad
872 2194 1006 2234 Aliam
1028 2193 1222 2234 Romanis
1246 2207 1393 2247 cepere
1418 2195 1561 2234 urbem
1586 2202 1753 2247 praeter
1775 2195 1896 2247 Capi-

132 2249 297 2302 tolium,
326 2263 405 2304 quo
437 2263 482 2290 se
514 2252 709 2290 iuventus
739 2250 996 2299 contulerat3
1042 2251 1220 2290 maiores
1253 2257 1350 2290 natu
1381 2264 1470 2291 cum
1503 2251 1733 2302 insignibus
1765 2252 1895 2290 hono-

131 2318 243 2358 rum,
265 2319 367 2359 quos
390 2308 562 2360 quisque
583 2313 797 2358 gesserat,
827 2307 864 2346 in
897 2307 1116 2346 vestibulis
1138 2307 1299 2347 aedium
1331 2309 1526 2347 sedentes
1556 2308 1810 2348 occiderunt.
1854 2314 1896 2347 et

131 2374 222 2402 cum
244 2375 319 2415 per
337 2375 530 2403 aversam
554 2369 712 2416 partem
734 2362 927 2416 Capitolii
949 2364 1027 2402 iam
1050 2364 1087 2402 in
1111 2376 1309 2403 summum
1334 2365 1582 2414 evasissent,
1606 2365 1757 2416 proditi
1779 2364 1894 2404 clan-

130 2429 231 2468 gore
259 2431 452 2458 anserum
475 2418 531 2458 M.
553 2419 696 2459 Manlii
724 2420 944 2472 praecipue
974 2432 1100 2472 opera
1121 2421 1273 2459 deiecti
1296 2426 1406 2460 sunt.
1450 2421 1604 2460 coactis
1627 2421 1774 2461 deinde
1798 2433 1894 2474 pro-

131 2479 225 2526 pter
244 2472 390 2516 famem
414 2474 605 2515 Romanis
628 2490 674 2516 eo
697 2477 975 2526 descendere,
997 2481 1044 2515 ut
1065 2476 1176 2516 mille
1202 2477 1334 2529 pondo
1357 2477 1447 2516 anri
1467 2477 1616 2516 darent
1638 2483 1682 2517 et
1703 2478 1778 2516 hoc
1801 2490 1896 2529 pre-

131 2530 190 2569 tio
227 2529 349 2571 finem
383 2531 608 2571 obsidionis
644 2538 851 2582 emerent,
889 2532 1039 2572 Furius
1063 2532 1282 2581 Camillus,
1319 2533 1501 2572 dictator
1534 2532 1686 2572 absens
1714 2539 1895 2585 creatus,

133 2585 245 2626 inter
266 2587 398 2639 ipsum
420 2587 693 2640 conloquium,
716 2601 794 2641 quo
817 2588 867 2628 de
889 2589 1001 2641 pacis
1024 2589 1333 2629 condicionibus
1355 2589 1572 2640 agebatur,
1596 2602 1686 2629 cum
1704 2590 1896 2630 exercitu

132 2642 250 2682 venit
286 2648 330 2682 et
366 2641 510 2682 Gallos
555 2650 650 2695 post
685 2650 850 2684 sextum
886 2657 1069 2684 mensem
1104 2645 1206 2685 urbe
1242 2645 1396 2698 expulit
1440 2646 1685 2698 ceciditque.
1742 2647 1895 2686 dictum

133 2703 200 2738 est
226 2699 277 2738 ad
306 2697 434 2739 Veios
462 2699 718 2749 migrandum
747 2713 841 2740 esse
877 2707 1049 2754 propter
1078 2702 1285 2742 incensam
1317 2707 1360 2741 et
1392 2701 1569 2741 dirutam
1598 2702 1764 2750 urbem3
1789 2703 1895 2754 quod

133 2754 350 2795 consilium
385 2753 557 2794 Camillo
587 2761 759 2796 auctore
794 2757 1027 2798 discussum
1059 2763 1138 2799 est.
1189 2758 1319 2798 movit
1357 2758 1550 2811 populum
1589 2759 1703 2797 vocis
1734 2770 1893 2811 quoque

132 2822 250 2850 omen
270 2823 325 2851 ex
346 2812 590 2851 centurione
611 2813 791 2860 auditae,
815 2814 895 2866 qui,
916 2827 1006 2854 cum
1027 2814 1068 2853 in
1089 2814 1223 2856 forum
1245 2814 1443 2863 venisset,
1465 2814 1786 2866 manipularibus
1807 2814 1894 2853 suis

133 2866 317 2908 dixerat:
352 2873 449 2920 „sta
476 2868 618 2917 miles3
648 2869 713 2908 hic
741 2871 894 2921 optime
923 2870 1224 2912 manebimus.“
1265 2871 1390 2911 aedes
1413 2868 1500 2909 lovi
1531 2869 1761 2923 Capitolino
1785 2869 1892 2910 sacta

132 2928 211 2974 est,
231 2923 340 2976 quod
360 2930 456 2965 ante
478 2924 622 2965 urbem
642 2931 802 2979 captam
822 2938 904 2967 vox
928 2927 1068 2967 audita
1088 2934 1180 2969 erat
1199 2928 1427 2969 adventare
1450 2925 1611 2966 Gallos.
