2221 3537
256 515 280 554 6

223 1429 274 1469 10

222 1566 268 1606 11

223 1707 273 1747 12

222 1920 272 1960 13

320 242 387 291 24

940 239 1101 282 LIBER
1126 240 1193 282 ΠΙ.
1245 241 1362 284 CAP.
1390 242 1455 283 11.

1872 264 1908 287 a.
1930 265 1967 289 ιι.
1990 257 2072 290 293.

316 366 556 424 tinebant,
595 380 657 415 ne
692 367 767 416 cui
801 367 851 416 in
878 368 1165 418 conluvione
1203 383 1368 417 rerum
1404 369 1709 419 maiestatem
1734 385 1872 420 suam
1898 377 2074 422 coutu-

315 436 486 485 meliae
513 437 755 487 offerrent.

461 506 614 556 Caeso
635 514 736 557 erat
755 509 1023 567 QuinctiuS‚
1050 509 1188 556 ferox
1215 507 1400 556 iuvenis
1421 523 1512 572 qua
1540 509 1788 559 nobilitate
1806 510 1961 574 gentis
1979 526 2074 576 qua

316 577 536 640 corporis
566 578 895 642 magnitudine
923 586 968 627 et
994 579 1188 628 viribus,
1233 579 1291 627 ad
1314 594 1368 628 ea
1390 594 1592 628 munera
1613 580 1722 630 data
1744 597 1770 629 a
1791 580 1884 630 diis
1904 581 2074 646 etipse

313 646 561 696 addiderat
586 649 735 697 multa
763 648 872 697 belli
899 650 1072 697 decora
1098 648 1470 713 facundiamque
1489 649 1537 697 in
1558 650 1686 709 forn,
1713 658 1766 700 ut
1785 665 1947 712 nemo,
1972 666 2074 701 non

255 727 278 764 7
314 717 498 780 lingua,
535 732 637 766 non
672 734 818 767 manu
854 719 1128 782 promptior
1162 718 1212 766 in
1247 719 1434 768 civitate
1458 719 1730 769 haberetur.
1781 721 1861 770 hic
1886 722 2073 771 cumin

318 786 479 836 medio
496 796 687 852 patrum
706 789 895 852 agmine
912 789 1209 838 constitisset
1223 789 1441 838 eminens
1456 790 1582 838 inter
1600 790 1736 849 alios,
1755 791 1885 840 velut
1903 806 2074 841 omnes

315 857 574 906 dictaturas
602 859 976 923 consulatusque
1001 874 1172 923 gerens
1193 859 1242 908 in
1268 875 1384 909 voce
1405 875 1459 908 ac
1479 859 1660 908 viribus
1682 860 1804 920 suiS‚
1829 875 1958 910 unus
1978 861 2074 910 im-

254 937 277 977 8
314 934 455 992 petus
502 928 787 977 tribunicios
824 929 1179 994 popularesque
1213 930 1448 993 procellas
1484 930 1777 990 sustinebat;
1822 930 1918 980 hoc
1951 931 2072 981 duce

312 1013 456 1061 saepe
482 999 608 1061 pulsi
637 1000 744 1047 foro
770 999 965 1058 tribuni,
991 1000 1099 1049 fusa
1125 1016 1179 1049 ac
1202 1001 1362 1063 fugata
1385 999 1547 1064 plebes
1568 1006 1656 1049 est.
1701 1000 1782 1064 qui
1803 1000 1974 1051 obvius
1992 1001 2074 1052 fu-

314 1075 439 1125 erat,
478 1068 716 1116 mulcatus
753 1069 1060 1134 nudatusque
1097 1069 1280 1127 abibat,
1318 1077 1374 1119 ut
1398 1070 1513 1119 satis
1540 1076 1812 1135 appareret,
1838 1071 1879 1119 si
1904 1071 1975 1120 sic
1999 1073 2073 1136 agi

251 1148 276 1187 9
311 1138 489 1194 liceret,
511 1138 683 1186 victam
709 1139 860 1202 legem
882 1156 1005 1189 esse.
1056 1147 1160 1189 tum
1186 1156 1342 1204 prope
1369 1141 1462 1189 iam
1483 1141 1717 1204 perculsis
1738 1140 1842 1190 aliis
1862 1141 2086 1191 tribunis·

311 1208 365 1255 A.
388 1208 669 1271 Verginius,
696 1225 752 1257 ex
781 1210 977 1273 collegio
1006 1226 1150 1267 unuS‚
1178 1210 1381 1260 Caesoni
1410 1210 1576 1275 capitis
1602 1211 1727 1260 diem
1755 1211 1884 1260 dicit.
1933 1218 2071 1262 atrox

312 1277 559 1340 ingenium
587 1280 871 1329 accenderat
890 1297 946 1329 eo
968 1281 1094 1330 facto
1117 1281 1270 1344 magis
1292 1297 1437 1345 quam
1459 1287 1814 1331 conterruerat:
1834 1297 1892 1330 eo
1913 1282 2072 1332 acrius

312 1348 504 1396 obstare
530 1348 646 1412 legi,
675 1351 852 1412 agitare
878 1351 1085 1414 plebem,
1112 1352 1338 1400 tribunos
1367 1351 1493 1400 velut
1519 1352 1648 1401 iusto
1677 1352 1903 1416 persequi
1923 1351 2068 1402 bellu.

311 1425 563 1467 accusator
588 1419 684 1482 pati
712 1436 849 1469 reum
876 1437 1015 1471 ruere
1041 1422 1340 1486 invidiaeque
1360 1423 1602 1471 flammam
1630 1437 1684 1471 ac
1703 1423 1954 1472 materiam
1977 1421 2071 1472 cri-

310 1488 523 1537 minibus
551 1490 651 1538 suis
680 1506 961 1553 suggerere,
1000 1492 1154 1555 legem
1182 1492 1374 1540 interim
1402 1506 1502 1540 non
1529 1499 1627 1541 tam
1655 1492 1716 1540 ad
1738 1507 1877 1556 spem
1904 1493 2071 1557 perfe-

309 1558 445 1607 rendi
468 1574 612 1622 quam
633 1560 688 1607 ad
711 1559 1043 1610 lacessendam
1049 1531 1294 1610 ⁰Caesonis
1314 1563 1633 1611 temeritatem
1654 1562 1794 1611 ferre.
1833 1562 1899 1611 ibi
1918 1562 2071 1612 multa

311 1644 453 1692 saepe
486 1629 544 1676 ab
578 1630 824 1679 iuventute
862 1632 1134 1680 inconsulte
1169 1632 1294 1681 dicta
1328 1633 1546 1696 factaque
1583 1632 1632 1680 in
1667 1632 1812 1682 unius
1839 1632 2069 1682 Caesonis

311 1705 592 1761 suspectum
637 1700 857 1749 incidunt
896 1702 1160 1764 ingenium.
1218 1708 1379 1751 tamen
1424 1703 1512 1765 legi
1550 1702 1880 1751 resistebatur.
1940 1708 1988 1752 et
2013 1703 2067 1752 A.

311 1768 562 1832 Verginius
606 1769 868 1820 identidem
910 1772 1064 1836 plebi:

1104 1772 1305 1835 „ecquid
1340 1772 1528 1820 sentitis
1565 1771 1659 1819 iam
1694 1787 1806 1830 vos,
1841 1771 2068 1830 Quirites,

311 1839 577 1888 Caesonem
601 1839 744 1890 simul
767 1842 917 1891 civem
938 1850 984 1891 et
1002 1843 1171 1906 legem,
1193 1858 1334 1906 quam
1359 1841 1550 1906 cupitiS,
1571 1841 1746 1890 habere
1766 1856 1865 1891 non
1884 1839 2068 1906 posse?

310 1925 621 1974 quamquam,
650 1912 762 1975 quid
791 1928 879 1975 ego
900 1913 1051 1976 legem
1078 1911 1289 1977 loquor?
1316 1911 1517 1961 libertati
1546 1911 1727 1971 obstat3
1755 1926 1926 1961 omnes
1947 1912 2070 1961 Tar-

309 2025 356 2071 ῖς
387 2024 462 2074 21,
484 2024 560 2075 49,
587 2024 660 2073 11;
691 2024 764 2072 34,
789 2024 956 2074 35,10;
989 2026 1142 2065 ebenso

307 2082 522 2120 abstinere
550 2082 623 2120 mit
650 2082 831 2120 anderen
856 2081 1075 2134 Objecten,
1107 2095 1141 2122 s.

309 2136 356 2186 2,
379 2136 452 2188 22,
474 2137 523 2176 4:
554 2137 602 2187 4,
627 2137 694 2187 59,
717 2136 762 2183 ὃς
799 2138 833 2184 1,
861 2138 896 2185 l,
922 2138 938 2176 1
964 2152 1004 2178 ιι.
1027 2152 1066 2177 a.
1087 2160 1143 2167 —

306 2206 359 2232 ne
387 2195 459 2232 cui
477 2199 583 2243 etc„
614 2193 717 2234 iiber
738 2194 803 2232 die
828 2194 1144 2245 wortstellung

309 2262 341 2288 s.
366 2247 495 2301 praef.
516 2249 556 2289 5.

364 2305 472 2345 6-8.
518 2319 600 2358 qua
620 2313 722 2355 ete,
753 2307 836 2356 vgl.
866 2307 931 2346 die
953 2307 1142 2346 ahuliche

307 2361 581 2412 Schilderung
610 2362 684 2410 30,
719 2362 753 2401 l.
791 2385 847 2392 ——-
869 2363 1143 2413 facundiam,

307 2418 420 2456 diese
470 2419 551 2457 und
607 2421 804 2467 griissere
856 2418 1145 2459 Gewandtheit

308 2474 537 2526 iiberhaupt
566 2475 667 2514 wird
701 2475 776 2514 den
800 2475 1031 2515 Patriciern
1054 2476 1142 2514 bei-

307 2529 465 2579 gelegt,
498 2543 531 2569 s.
561 2530 606 2580 2,
637 2531 710 2577 56,
741 2530 791 2578 ὃς
833 2532 1003 2583 10,19,
1027 2532 1064 2571 7.
1086 2553 1143 2560 —

304 2589 489 2639 patrum,
512 2585 726 2625 Patricier.
749 2609 804 2614 —
824 2588 939 2640 pulsi
957 2594 1052 2635 etc.,
1075 2587 1139 2626 ein

308 2649 452 2680 trenes
475 2642 562 2680 Bild
585 2643 660 2680 der
683 2641 1141 2692 Gewalttbiitigkeiten,

307 2698 438 2736 denen
470 2698 534 2736 die
559 2698 679 2737 Plebs
708 2711 787 2736 von
812 2699 951 2737 seiten
976 2700 1049 2738 der
1071 2700 1142 2737 da-

305 2754 409 2792 mals
432 2755 533 2792 noch
556 2755 816 2792 zalilreicben
842 2754 1054 2806 Patricier,
1076 2757 1141 2794 dic

306 2823 386 2848 von
410 2811 524 2849 ihren
545 2810 731 2848 Clienten
757 2812 1014 2850 unterstiitzt
1033 2825 1142 2850 wur-

307 2867 406 2912 den,
432 2865 470 2912 2,
495 2866 562 2915 64,
583 2873 826 2916 ausgesetzt
850 2867 925 2915 ist,
955 2881 987 2906 s.
1012 2869 1036 2917 ξ
1067 2867 1138 2915 13;

307 2936 340 2961 c.
367 2922 437 2970 12,
462 2922 486 2960 9
517 2936 554 2961 ιι.
583 2935 619 2962 a.
643 2945 695 2950 ——
718 2926 892 2969 victam,
924 2937 966 2962 es
999 2925 1138 2963 werde

306 2979 417 3018 nicht
438 2991 731 3028 angenommen
757 2980 939 3017 werden.

363 3033 502 3073 9-10.
546 3034 797 3086 Verginius,
821 3048 853 3074 s.
878 3048 911 3074 c.
939 3036 998 3086 10,
1024 3037 1061 3074 5.
1084 3058 1140 3066 —

307 3092 459 3144 eapitis
488 3090 526 3129 d.
558 3091 620 3139 d.,
645 3104 676 3129 s.
702 3092 745 3137 2,
770 3091 844 3140 35,
868 3091 916 3138 23
949 3104 995 3129 er
1025 3092 1138 3141 klagt

306 3148 372 3186 ihn
410 3159 487 3186 vor
523 3148 600 3186 den
638 3146 812 3194 Tribus,
851 3160 992 3195 wegen
1033 3147 1138 3186 Ver-

309 3204 477 3252 letzung
512 3203 584 3242 der
619 3204 744 3242 durch
776 3204 842 3242 die
872 3204 940 3242 lex
973 3211 1137 3242 sacrata

307 3260 558 3310 geheiligten
589 3258 796 3300 Tribunen
828 3261 907 3299 und
937 3260 1010 3299 der
1039 3261 1136 3299 stii-

1235 2038 1342 2076 rung
1369 2026 1444 2064 der
1473 2024 1694 2075 Comitien‚
1721 2038 1794 2078 an,
1824 2026 1927 2065 nach
1948 2024 2070 2066 Dion.

1238 2081 1301 2130 10,
1334 2082 1380 2119 5:
1411 2077 1675 2143 εἰςάγουσιν
1704 2057 1847 2122 adr’bv
1873 2079 1968 2122 ὑπὸ
1999 2079 2069 2121 δί-

1234 2150 1318 2188 κην
1346 2132 1633 2191 ἀδικήματος
1657 2135 1910 2193 δημοσίου,
1942 2151 1976 2177 c.
2003 2137 2069 2189 13,

1321 2193 1387 2244 26,
1422 2193 1461 2243 3,
1498 2192 1537 2233 6.
1564 2216 1621 2222 —
1647 2194 1814 2234 accend.
1837 2217 1865 2222 -
1888 2195 2069 2247 obstare,

1235 2249 1742 2314 WVecbseldesSubjects.
1758 2263 1963 2300 —ruere,
1981 2251 2068 2291 sich

1233 2306 1402 2344 blindin
1422 2306 1508 2345 sein
1522 2305 1762 2345 Verderben
1780 2306 1967 2358 stiirzen,
1983 2305 2067 2346 Cic.

1236 2361 1316 2401 Off.
1340 2361 1379 2411 3,
1402 2361 1464 2408 13,
1485 2362 1558 2400 55.
1581 2366 1811 2414 emptorem
1830 2365 1925 2416 pati
1941 2375 2069 2404 ruere

1234 2421 1275 2457 et
1301 2430 1379 2470 per
1406 2430 1596 2457 errorem
1623 2420 1664 2456 in
1685 2420 2068 2472 max-zmamsrau-

1233 2473 1328 2513 dem
1355 2475 1596 2523 1⁶·3ncumere
1626 2473 1725 2515 Tac.
1747 2475 1796 2515 Η.
1822 2475 1858 2525 1,
1881 2474 1954 2514 56:
1983 2487 2068 2516 non

1233 2543 1497 2583 compescere
1524 2533 1709 2571 ruentes.
1732 2553 1789 2561 —
1809 2533 2065 2584 criminibus,

1232 2586 1603 2638 Anklagepunkten
1620 2618 1628 2632 ,
1661 2587 1773 2627 Stoff
1796 2601 1888 2627 zum
1909 2587 2066 2628 Ankla-

1232 2656 1325 2691 gen.
1347 2665 1403 2670 —
1423 2642 1480 2681 ad
1507 2656 1644 2696 spem,
1674 2657 1707 2683 s.
1735 2644 1769 2691 1,
1793 2644 1831 2693 7,
1855 2645 1893 2694 7,
1920 2644 2006 2695 vgl.
2027 2657 2063 2684 c.

1237 2699 1278 2743 1,
1310 2698 1352 2737 2:
1382 2700 1424 2737 in
1454 2712 1586 2752 spem.
1617 2722 1674 2729 —
1699 2699 1969 2754 perferendi,
1999 2700 2065 2740 die

1232 2754 2064 2805 Abstimmungdariiberdurchzusetzen.

1294 2810 1456 2850 11—13.
1499 2812 1633 2852 mulla
1656 2827 1713 2862 s.,
1743 2826 1777 2852 c.
1802 2813 1841 2862 5,
1863 2811 1902 2851 6.
1924 2832 1980 2841 —
2001 2815 2065 2851 ta-

1231 2880 1346 2918 men,
1378 2868 1516 2906 indess
1543 2869 1686 2907 wurde
1708 2869 1829 2918 doch,
1861 2879 1948 2907 was
1971 2880 2061 2908 man

1232 2925 1332 2962 auch
1357 2922 1422 2962 ffir
1446 2924 1581 2964 Mitte!
1603 2925 1843 2973 anwandte,
1872 2936 1907 2963 a.
1934 2923 1970 2974 1,
1997 2923 2062 2975 12,

1236 2980 1271 3018 1.
1303 3002 1356 3008 ——
1385 2980 1550 3032 ecquid,
1581 2981 1626 3030 5,
1657 2979 1730 3028 52,
1758 2980 1801 3027 13
1833 2980 1897 3019 die
1925 2980 2061 3020 oratio

1232 3042 1345 3075 recta
1365 3037 1466 3075 wird
1486 3033 2062 3088 ostohueinquiteingestihrt,

1231 3106 1264 3131 s.
1289 3093 1362 3141 28,
1385 3093 1461 3142 40,
1483 3092 1528 3131 3:
1560 3092 1696 3131 merkt
1725 3093 1788 3131 ihr
1817 3097 1926 3131 etwa
1954 3094 2061 3132 nun?

1229 3171 1283 3177 —
1312 3150 1465 3188 habere
1494 3149 1532 3187 in
1563 3154 1695 3188 etwas
1725 3147 2061 3189 verschiedenem

1230 3205 1355 3243 Sinne
1391 3218 1442 3244 zu
1479 3208 1605 3245 cit-em
1638 3204 1720 3243 und
1757 3217 1809 3243 zu
1843 3204 1979 3256 legem
2007 3217 2059 3244 zu

1230 3262 1416 3301 nehmen.
1445 3283 1500 3290 —
1528 3260 1671 3315 quid-
1691 3260 1794 3314 loq.,
1824 3272 1858 3301 s.
1890 3260 1938 3313 5,
1958 3260 1999 3313 5,
2019 3259 2059 3301 6.
