2221 3537
56 263 356 309 'moue-15.

733 258 894 302 LIBER
924 257 994 301 lv.
1047 259 1161 300 cAP.
1190 261 1224 301 1.
1244 259 1283 300 2.

1796 263 1891 311 145

126 405 242 443 cura
265 404 503 441 novarum
527 387 711 453 legum3
736 402 1005 453 numquam
1031 402 1116 437 eos
1143 403 1195 436 se
1220 387 1328 437 vivo
1365 388 1589 438 dilectum
1617 389 1892 449 habituros,

125 467 383 526 antequam
419 475 497 521 ea,
534 474 657 524 quae
690 459 998 524 promulgata
1032 457 1091 507 ab
1125 473 1179 508 se
1213 458 1501 523 collegisque
1527 469 1703 519 essent,
1729 460 1893 525 plebes

127 531 363 588 scivisset,
395 530 471 594 [et]
503 531 761 580 confestim
790 531 846 580 ad
875 529 1155 579 contionem
1184 529 1449 578 advocavit.

266 600 451 651 Eodem
490 600 712 667 tempore
748 609 796 650 et
826 600 1050 650 consules
1084 606 1306 649 senatum
1343 599 1392 648 in
1418 599 1692 656 tribunum,
1728 608 1774 649 et
1799 602 1886 650 tri-
1929 604 1963 652 2

123 670 286 722 hunus
331 671 571 736 populum
608 673 657 722 in
691 671 918 722 consules
957 670 1201 720 incitabat.
1261 669 1502 734 negabant
1535 671 1762 720 consules
1800 672 1895 721 iam

123 740 248 792 ultra
273 741 389 792 ferri
422 757 573 807 posse
599 743 793 793 furores
820 742 1137 800 tribunicios3
1165 748 1364 790 ventum
1392 740 1486 790 iam
1514 740 1571 789 ad
1600 742 1744 790 finem
1774 758 1895 800 esse,

122 811 258 862 domi
293 812 404 879 plus
432 812 540 862 belli
575 814 806 864 concitari
843 829 987 878 quam
1022 812 1158 862 roris.
1211 812 1258 861 id
1286 812 1406 861 adeo
1435 826 1536 860 non
1565 811 1717 876 plebis
1748 827 1895 876 quam

123 890 335 949 patrum,
361 898 518 949 neque
544 885 854 935 tribunorum
876 884 1031 949 magis
1052 898 1197 948 quam
1219 883 1476 932 consulum
1500 883 1637 947 culpa
1659 883 1894 932 accidere.

122 953 260 1005 cuius
287 954 356 1004 rei
382 955 650 1019 praemium
676 956 738 1005 sit
762 958 811 1005 in
834 955 1035 1013 civitate,
1063 970 1168 1004 eam
1191 955 1432 1003 maxumis
1454 969 1649 1018 semper
1668 953 1889 1003 auctibus

123 1039 365 1075 crescere:
393 1025 464 1075 sic
488 1042 603 1091 pace
627 1027 806 1085 bonOS,
836 1027 906 1076 sic
932 1026 1056 1075 bello
1085 1025 1202 1074 lieri.
1251 1025 1514 1074 maximum
1544 1024 1728 1073 Romae
1748 1040 1895 1090 prae-

121 1095 276 1147 mium
303 1096 598 1147 seditionum
619 1114 748 1157 esse3
775 1098 823 1148 id
842 1105 889 1147 et
908 1096 1109 1161 singulis
1130 1096 1466 1160 universisque
1490 1110 1688 1159 semper
1709 1095 1892 1144 honori

120 1165 288 1217 fuisse.
345 1168 792 1227 reminiscerentur,
829 1183 972 1234 quam
1006 1166 1309 1216 maiestatem
1339 1173 1537 1215 senatus
1565 1166 1657 1229 ipsi
1686 1182 1711 1215 a
1738 1167 1891 1230 patri-

121 1235 213 1287 bus
252 1238 583 1302 accepissent,
612 1255 755 1304 quam
782 1239 944 1289 liberis
972 1237 1193 1286 tradituri
1219 1244 1400 1294 essent,
1430 1243 1497 1294 ut,
1524 1251 1667 1300 quem
1696 1237 1753 1285 ad
1784 1252 1893 1285 mo-

42 1372 50 1380 ·
121 1306 238 1357 dum
260 1307 400 1373 plebs
420 1308 613 1373 gloriari
634 1315 855 1375 possent,
883 1309 1147 1358 auctiorem
1171 1306 1556 1372 amplioremque
1576 1322 1701 1355 esse.
1747 1308 1894 1355 finem

128 1393 243 1443 ergo
269 1392 373 1428 non
400 1379 526 1440 fieri,
554 1395 643 1430 nec
667 1380 895 1448 futuram,
921 1379 1093 1437 donec,
1120 1393 1264 1443 quam
1291 1377 1454 1428 felices
1482 1377 1765 1436 seditioneS‚
1793 1384 1893 1426 tam

120 1491 199 1532 2ff.
229 1492 360 1533 niiher
394 1492 640 1534 bezeichnet
675 1493 781 1533 sind.
817 1515 873 1523 —
911 1493 967 1534 ad

121 1551 254 1602 cont„
278 1549 318 1589 in
341 1550 417 1590 der
437 1550 502 1590 die
526 1549 638 1591 Rede
662 1563 696 1590 c.
720 1549 799 1590 3ff.
821 1550 964 1600 gehal-

121 1611 190 1646 ten
213 1605 332 1646 wird.

178 1655 230 1702 2.
275 1662 384 1703 1-2.
417 1662 611 1704 consules
633 1664 672 1703 in
695 1663 962 1703 verschiede-

123 1731 202 1759 nen
230 1717 485 1770 Vortriigen.
507 1721 762 1773 —suror.,
793 1718 966 1759 aufriih-

121 1775 332 1826 rerische,
373 1774 766 1827 staatsgeffihrliche
809 1775 963 1817 Unter-

123 1832 394 1885 nehmungen,
423 1832 461 1880 3,
497 1832 562 1884 16,
585 1834 624 1873 5.
648 1856 703 1862 -
722 1832 768 1873 id
784 1832 903 1883 adeo,
927 1845 961 1872 s.

123 1887 165 1940 2,
186 1887 256 1939 29,
278 1888 328 1929 10
350 1889 514 1929 ahnlich
535 1889 584 1930 id
602 1889 782 1944 quidem.
803 1913 858 1919 —
879 1903 964 1930 non

119 1945 254 2000 plebis
274 1957 349 1986 aus
381 1947 471 1986 dem
493 1944 595 1997 solg.
619 1945 768 1987 Gliede
794 1960 846 1986 zu
867 1959 965 1986 ver—

123 2002 453 2052 vollstiindigen‚
484 2003 567 2054 vgl.
592 2002 639 2054 3,
670 2003 742 2056 71,
777 2004 823 2050 ὃς
848 2002 964 2043 Curt.

123 2058 171 2110 4,
193 2058 268 2109 50,
292 2057 367 2099 32:
395 2073 479 2099 non
498 2063 640 2115 prima
668 2073 795 2112 quam
814 2059 963 2110 latera,

122 2128 207 2155 non
241 2114 377 2156 latera
409 2118 646 2157 munitiora
666 2117 805 2168 suere
838 2130 964 2170 quam

123 2174 264 2225 terga.
284 2194 340 2202 —-
360 2172 483 2227 culpa
520 2179 638 2227 passt
673 2186 751 2212 nur
785 2171 860 2213 auf
889 2187 966 2228 pa-

123 2231 240 2270 trum
260 2241 300 2268 u.
322 2229 557 2271 consulum.
578 2252 635 2259 —
655 2231 777 2271 cuius
799 2232 864 2270 rei
883 2236 965 2270 etc.

124 2283 314 2353 Thucyd.
335 2285 375 2334 2,
407 2285 484 2326 46:
517 2279 641 2327 ἆθλα
671 2285 762 2342 γὰρ
785 2279 855 2332 οἷς
878 2290 966 2327 κεῖ-

122 2355 199 2382 ται
227 2341 391 2398 αρετῆς
415 2342 642 2398 μέγιστα,
681 2347 779 2389 τοῖς
806 2341 857 2384 δὲ
889 2343 965 2384 καὶ

122 2394 292 2457 ἄνδρες
306 2393 493 2455 ἄριστοι
510 2395 851 2443 πολιτεύουσιν.
881 2400 967 2440 Der

122 2454 480 2508 Zusammenbang
511 2457 585 2498 ist:
615 2458 690 2497 der
712 2457 842 2497 Senat
861 2457 965 2497 habe

124 2524 169 2552 es
199 2512 329 2553 durch
361 2511 527 2564 Mangel
556 2527 607 2554 an
630 2514 811 2565 Euergie
844 2515 963 2554 dahin

122 2568 310 2609 kommeu
332 2568 494 2621 lassen,
526 2571 622 2610 dass
646 2569 833 2611 Ausruhr
853 2570 964 2611 Ehre

123 2625 206 2665 und
234 2624 429 2667 Vortheil
464 2626 623 2678 hringo.
674 2627 822 2668 Dieses
861 2628 967 2667 wird

123 2693 174 2721 an
204 2681 283 2722 den
305 2680 505 2732 Erfolgen
537 2683 612 2723 der
634 2683 758 2724 Plebs
787 2685 869 2725 und
891 2685 964 2725 des

125 2738 303 2778 Senates
341 2739 677 2790 nachgewiesen:
719 2743 965 2782 reminisce-

124 2797 319 2836 rentur-
335 2809 440 2836 esse.
460 2819 510 2824 —
535 2799 730 2837 auctibus
754 2811 901 2849 cresc„
928 2798 964 2849 1,

125 2851 192 2904 41,
212 2850 261 2901 3;
285 2851 323 2905 2,
344 2851 411 2903 58,
435 2852 482 2900 5;
506 2852 573 2905 29,
594 2852 662 2903 27,
686 2853 724 2892 3.

182 2907 207 2948 3
223 2932 252 2939 ·—
269 2908 310 2949 4.
331 2908 396 2960 id,
419 2909 514 2961 das,
538 2922 624 2950 was
649 2911 687 2949 in
710 2910 966 2951 seditionum

125 2965 378 3017 angedeutet
400 2966 471 3006 ist.
525 2965 886 3007 Wahrscheinlich
910 2968 966 3007 ist

126 3025 169 3062 et
192 3021 240 3063 id
264 3035 317 3062 zu
346 3022 479 3075 lesen,
518 3023 569 3062 da
599 3023 664 3063 die
695 3023 965 3075 Verbiudung

127 3078 343 3119 einzelner
373 3079 571 3131 Begriffe,
611 3081 738 3120 durch
775 3085 817 3121 et
836 3104 863 3109 -
885 3095 966 3134 que

127 3135 214 3175 sich
236 3135 349 3176 nicht
369 3136 496 3176 leicht
518 3136 659 3189 findet,
682 3137 764 3188 vgl.
790 3137 829 3184 2,
860 3138 899 3186 4,
923 3138 964 3178 5.

126 3212 183 3220 —
216 3194 609 3234 reminiscerentur:
662 3195 722 3234 sie
762 3194 968 3246 mb’chten,

128 3259 195 3288 um
224 3248 362 3289 dieses
391 3249 594 3302 bestiitigt
621 3265 672 3291 zu
705 3252 852 3297 seben,
878 3251 965 3291 sich

128 3304 166 3343 in
216 3304 288 3345 das
340 3304 620 3348 Gediichtniss
672 3305 964 3356 zuriickrufen,

217 3372 290 3406 Tit.
317 3372 392 3409 Liv.
419 3375 463 3409 11.
490 3373 524 3412 3.
554 3376 648 3410 Aun.

1055 1505 1221 1532 woraus
1240 1505 1291 1531 zu
1309 1492 1400 1531 dem
1418 1491 1595 1530 zweiten
1607 1491 1754 1531 Satze:
1772 1504 1897 1544 quam

1055 1550 1198 1590 liberis
1235 1554 1315 1588 etc.
1356 1561 1408 1586 zu
1437 1548 1684 1588 entnehmen
1723 1548 1798 1588 ist:
1836 1549 1897 1588 sie

1054 1606 1245 1646 mb'chten
1282 1604 1518 1652 bedenken,
1561 1617 1594 1644 s.
1626 1605 1670 1652 5,
1715 1604 1784 1656 16,
1825 1604 1896 1644 10;

1054 1675 1231 1703 memor.
1253 1683 1311 1690 —
1331 1675 1456 1714 quam
1476 1661 1621 1701 liberis
1643 1661 1698 1701 ist
1720 1662 1900 1701 restrin-

1054 1720 1201 1770 girend
1243 1719 1421 1767 (vorher
1460 1731 1588 1771 quam
1627 1720 1842 1758 maiestat.
1871 1736 1899 1752 =

1054 1779 1261 1830 quantum
1281 1777 1422 1825 mai.)‚
1459 1775 1534 1814 der
1555 1774 1654 1814 Sinn
1683 1775 1793 1815 also:
1830 1788 1898 1816 re·

1054 1835 1406 1877 minis-ceremur,
1440 1835 1642 1885 quantam
1663 1855 1691 1860 —
1710 1835 1897 1887 accepis-

1054 1893 1171 1940 sent,
1213 1892 1254 1929 et
1289 1887 1438 1929 deinde
1482 1892 1752 1943 reputarent,
1793 1903 1897 1930 num

1057 1950 1221 1986 tantam
1261 1945 1404 1985 liberis
1441 1945 1550 1985 trad.
1590 1949 1745 1986 essent.
1804 1945 1895 1986 von

1055 2004 1211 2043 diesem
1244 2001 1471 2042 Gedanken
1505 2002 1666 2042 euthalt
1693 2003 1769 2042 der
1797 2001 1896 2053 solg.

1057 2060 1178 2100 Satz:
1203 2063 1252 2099 ut
1271 2065 1351 2099 etc.
1374 2059 1440 2098 die
1464 2058 1616 2110 Folge:
1647 2072 1692 2099 so
1716 2059 1812 2099 dass
1836 2060 1897 2099 sie

1055 2129 1176 2165 usW.‚
1198 2115 1425 2156 denselben
1447 2116 1509 2155 als
1532 2116 1823 2156 Absichtssatz
1847 2129 1898 2155 zu

1057 2174 1229 2213 nehmen
1266 2173 1395 2212 leidet
1430 2173 1505 2212 der
1539 2172 1900 2224 Zusammenhang

1057 2231 1183 2279 nicht,
1206 2242 1252 2269 es
1275 2229 1378 2279 liegt
1394 2228 1494 2268 aber
1510 2230 1612 2268 auch
1636 2229 1901 2270 keiueNoth-

1056 2286 1311 2335 wendigkeit
1328 2286 1443 2324 einer
1464 2284 1900 2338 solebenAufrassnng

1056 2356 1148 2384 vor.
1190 2342 1249 2382 Da
1272 2355 1350 2381 nur
1367 2342 1432 2381 die
1448 2342 1661 2393 Bamberg.
1681 2342 1779 2383 Hds.
1800 2357 1907 2398 posq

1056 2403 1150 2440 sent
1172 2400 1260 2447 hat,
1285 2400 1323 2438 in
1347 2399 1424 2438 den
1449 2399 1620 2450 iibrigen
1644 2400 1729 2439 sich
1750 2404 1900 2455 posset

1059 2457 1210 2506 findet,
1250 2468 1338 2495 was
1381 2455 1466 2495 sich
1510 2456 1743 2509 sprachlich
1786 2457 1900 2497 nicht

1058 2511 1353 2563 rechtsertigen
1367 2512 1487 2564 liisst,
1507 2513 1545 2552 in
1564 2514 1760 2566 spiiteren
1777 2513 1898 2554 aber:

1057 2574 1097 2610 et
1135 2575 1239 2610 statt
1279 2573 1327 2609 ut
1366 2571 1448 2609 und
1483 2571 1814 2624 amplioremque
1853 2585 1900 2610 se

1058 2641 1171 2677 esse,
1218 2640 1263 2666 so
1302 2626 1401 2666 liest
1451 2626 1618 2678 Madvig
1655 2631 1816 2678 essent,
1859 2631 1900 2667 et

1057 2683 1250 2738 quemad.
1288 2682 1406 2738 plebs
1438 2683 1553 2737 glor.
1583 2688 1749 2739 posset,
1785 2688 1898 2725 auct.

1057 2740 1184 2796 ampl.
1222 2755 1268 2781 se
1304 2754 1409 2781 esse.
1471 2741 1583 2781 Doch
1620 2741 1763 2781 wiirde
1805 2754 1895 2781 man

1060 2805 1164 2839 statt
1195 2798 1270 2837 des
1301 2803 1458 2837 metten
1491 2802 1533 2837 et
1560 2798 1662 2838 eher
1682 2812 1761 2849 an,
1796 2812 1898 2838 num

1058 2860 1293 2903 erwarten3
1331 2855 1434 2894 aucb
1465 2855 1629 2895 scheint
1663 2857 1898 2895 auctiorem

1057 2911 1184 2966 ampl.
1215 2911 1362 2950 besser
1390 2909 1463 2950 auf
1488 2914 1692 2952 maiestas
1729 2912 1792 2951 als
1828 2909 1904 2951 aus

1054 2969 1172 3024 plebs
1194 2967 1378 3019 bezogen
1411 2981 1463 3007 zu
1493 2969 1684 3017 werden,
1715 2981 1748 3007 ³.
1771 2981 1806 3007 c.
1834 2968 1898 3020 19,

1060 3026 1095 3066 1.
1116 3025 1313 3078 —finem
1333 3024 1448 3076 giebt
1469 3025 1824 3064 denSchlusssatz
1848 3038 1899 3064 zu

1057 3083 1134 3122 den
1167 3080 1504 3122 Vordersiitzen:
1543 3084 1663 3121 cuius
1688 3106 1710 3110 —
1730 3083 1899 3134 fuisse,

1057 3152 1136 3179 von
1161 3138 1345 3178 welchen
1365 3139 1558 3177 derselbe
1580 3138 1707 3177 durch
1731 3139 1803 3177 das
1827 3138 1899 3178 be-

1057 3195 1295 3246 stiitigende
1320 3195 1497 3247 Beispiel
1522 3197 1901 3235 reminiscerentur

1058 3258 1138 3292 etc.
1162 3257 1358 3301 getrennt
1381 3252 1448 3290 ist.
1471 3274 1525 3280 —
1547 3253 1780 3304 saturam,
1811 3251 1897 3303 vgl.

1058 3307 1134 3358 37,
1168 3307 1243 3356 26,
1283 3307 1348 3347 11:
1372 3309 1577 3348 incertam
1600 3310 1761 3362 finenu
1784 3310 1901 3349 mehr

1512 3378 1561 3417 10
