2221 3537
65 186 69 188 ’
111 212 230 249 acu.
259 213 338 247 ³00.
736 202 896 245 Lissa
929 203 979 244 v.
1042 204 1249 245 caen.
1766 206 1866 255 347

105 335 200 391 tur,
225 331 431 397 experiri
458 330 624 380 ultima
651 337 698 380 et
723 330 957 396 impetum
984 329 1143 380 facere
1170 331 1217 379 in
1244 346 1403 380 arcem
1431 338 1666 382 statuunt.
1712 332 1867 397 prima
1905 343 1928 383 2

105 401 211 453 luce
237 401 377 467 signo
404 401 515 450 (lato
543 400 800 451 multitudo
829 402 991 451 omnis
1018 401 1065 450 in
1092 402 1200 449 foro
1223 402 1502 460 instruitur3
1529 403 1639 452 inde
1661 403 1870 452 clamore

107 471 299 523 sublato
328 487 384 522 ac
407 470 652 521 testudine
677 472 799 521 facta
828 472 1054 521 subeunt.
1103 471 1335 519 adversus
1364 488 1488 536 quos
1517 473 1722 522 Romani
1750 474 1868 523 nihil

106 550 288 594 temere
305 556 395 592 nec
412 540 600 606 trepide
620 542 678 590 ad
701 543 862 591 omnis
884 541 1042 591 aditus
1063 541 1355 590 stationibus
1380 544 1596 600 liu-matis,
1625 559 1715 608 qua
1731 544 1867 607 signa

104 612 221 664 ferti
247 611 495 669 videbant,
531 627 583 660 ea
610 612 787 661 robore
814 614 1029 662 virorum
1057 611 1288 676 opposito
1317 614 1548 662 scandere
1577 615 1770 663 bostem
1800 615 1867 663 si-

102 688 249 742 nunt,
281 698 379 748 quo
407 682 697 732 successerit
723 683 875 746 magis
902 683 950 731 in
977 682 1208 739 arduum,
1244 698 1301 730 eo
1329 682 1436 746 pelli
1467 699 1612 746 posse
1639 700 1725 749 per
1751 701 1867 749 pro-

105 753 222 804 clive
255 752 441 803 facilius
478 753 582 803 rati.
633 752 792 801 medio
820 754 920 802 fere
947 754 1066 802 clivo
1096 754 1337 810 restitere,
1372 760 1514 817 atque
1541 753 1650 802 inde
1677 771 1731 803 ex
1760 756 1866 804 loco
1905 762 1929 801 3

103 823 370 890 superiore,
393 823 473 889 qui
497 839 651 889 prope
673 839 759 873 sua
779 831 955 888 sponte
976 824 1024 872 in
1047 824 1238 873 bostem
1261 824 1511 881 inserebat,
1535 825 1719 889 impetu
1738 825 1866 874 facto

105 901 263 959 strage
298 910 353 944 ac
381 895 514 944 ruina
541 894 706 943 fudere
734 894 919 953 Ganos,
954 902 1007 944 ut
1032 910 1298 959 numquam
1328 902 1494 960 postea
1522 911 1610 944 nec
1637 911 1751 960 pars
1779 910 1868 945 nec

104 964 315 1015 universi
342 966 684 1030 temptaverint
710 965 800 1014 tale
832 981 1021 1031 pugnae
1046 981 1214 1029 genus.
1269 965 1451 1015 omissa
1477 967 1637 1030 itaque
1665 983 1753 1031 spe
1781 982 1869 1031 per
1903 974 1929 1014 4

102 1036 197 1086 vim
223 1041 365 1100 atque
391 1051 526 1085 arma
553 1036 790 1085 subeundi
818 1037 1125 1086 obsidionem
1155 1043 1338 1101 parant,
1367 1037 1504 1085 cuius
1524 1038 1582 1086 ad
1603 1037 1649 1086 id
1672 1045 1867 1102 tempus

100 1105 401 1157 inmemores
428 1113 476 1155 et
502 1107 632 1171 quod
659 1107 708 1156 in
735 1107 854 1157 urbe
871 1108 1029 1156 fuerat
1049 1107 1349 1156 frumentum
1371 1107 1606 1156 incendiis
1627 1108 1761 1156 urbis
1781 1108 1869 1157 ab-

102 1183 437 1242 sumpserant,
472 1185 518 1226 et
552 1194 608 1226 ex
645 1179 774 1241 agris
811 1194 898 1243 per
934 1194 1013 1227 eos
1038 1179 1173 1243 ipsos
1200 1178 1301 1226 dies
1329 1185 1522 1242 raptum
1552 1194 1697 1227 omne
1725 1179 1866 1227 Veios

101 1255 217 1298 erat.
262 1247 406 1312 igitur
430 1248 640 1297 exercitu
668 1249 822 1297 diviso
852 1250 1026 1313 partim
1055 1263 1142 1312 per
1160 1249 1394 1297 finitimos
1417 1249 1625 1312 populos
1646 1249 1868 1312 praedari
1904 1259 1928 1298 5

97 1317 294 1383 placuit,
315 1317 493 1383 partim
515 1318 728 1367 obsideri
750 1333 927 1377 arcem,
948 1326 1002 1368 ut
1022 1318 1360 1368 obsidentibus
1381 1318 1682 1368 frumentum
1705 1335 1867 1384 popu-

98 1388 277 1439 latores
304 1403 534 1451 agrorum
564 1388 863 1453 praeberent.

240 1458 611 1508 Proficiscentes
648 1459 808 1509 Gallos
853 1459 910 1508 ab
957 1459 1074 1508 urbe
1118 1459 1177 1508 ad
1214 1458 1485 1507 Romanam
1525 1459 1866 1523 experiendam
1904 1471 1930 1512 6

101 1529 328 1579 virtutem
355 1529 554 1579 fortuna
582 1529 686 1594 ipsa
714 1530 944 1587 Ardeam,
973 1529 1055 1578 ubi
1084 1529 1309 1579 Camillus
1337 1529 1572 1588 exulabat,
1600 1530 1757 1589 duxit3
1785 1531 1866 1595 qui
1905 1543 1928 1583 7

99 1600 331 1650 maestior
364 1600 428 1649 ibi
460 1602 657 1650 fortuna
693 1601 883 1666 publica
911 1616 1057 1665 quam
1085 1616 1197 1659 sua,
1234 1616 1342 1649 cum
1372 1600 1462 1648 diis
1490 1601 1868 1666 hominibusque

97 1670 380 1721 accusandis
401 1679 690 1730 senesceret,
717 1671 1013 1736 indignando
1038 1671 1374 1735 mirandoque,
1395 1671 1476 1720 ubi
1499 1671 1559 1720 illi
1583 1672 1666 1720 viri
1688 1679 1866 1732 essent,

99 1741 181 1806 qui
207 1757 373 1791 secum
396 1741 538 1790 Veios
561 1742 869 1807 Faleriosque
896 1745 1153 1806 cepissent,
1180 1741 1260 1806 qui
1287 1742 1373 1791 alia
1396 1742 1515 1791 bella
1535 1743 1710 1792 fortius
1734 1759 1864 1792 sem·
1903 1757 1927 1797 8

99 1827 187 1878 per
222 1828 367 1878 quam
402 1812 585 1862 felicius
613 1813 905 1877 gessissent,
941 1819 1142 1877 repente
1169 1812 1302 1862 audit
1330 1813 1574 1862 Gallorum
1603 1814 1867 1863 exercitum

99 1882 354 1933 adventare
387 1890 529 1948 atque
568 1884 626 1933 de
659 1901 716 1933 eo
752 1884 952 1949 pavidos
990 1884 1222 1933 Ardeates
1261 1884 1551 1933 consultare.
1603 1900 1692 1934 nec
1726 1901 1867 1934 secus

99 2051 197 2091 dass
218 2051 323 2091 sie-
344 2051 530 2092 wiirden.
566 2075 622 2081 -—
659 2051 835 2105 testud.,
868 2052 933 2092 bei
1027 2053 1075 2101 6;
1111 2051 1286 2104 1,38,5;
1323 2052 1360 2102 2,
1380 2052 1447 2104 39,
1468 2053 1515 2102 2;
1549 2054 1733 2104 dagegen
1759 2054 1866 2094 kann

100 2105 219 2148 Caes.
244 2107 285 2147 B.
309 2106 360 2148 G.
395 2108 431 2158 1,
460 2108 527 2159 24,
552 2109 594 2147 5:
630 2109 846 2163 phalanx3
883 2122 933 2149 au
1026 2109 1053 2162 ξ
1076 2110 1101 2149 4
1133 2121 1222 2160 eos,
1254 2122 1371 2149 wenn
1396 2123 1486 2150 man
1512 2110 1622 2149 nicht
1644 2111 1738 2151 illos
1762 2117 1868 2151 stau

100 2177 140 2204 u.
163 2163 226 2204 St.
249 2165 400 2204 anders
422 2165 485 2204 als
516 2178 552 2204 c.
586 2166 619 2217 5,
642 2168 688 2213 ὃς
721 2179 754 2206 s.
785 2165 847 2217 10,
870 2166 936 2218 41,

104 2219 178 2268 14;
201 2220 268 2268 34,
292 2220 359 2269 39,
381 2221 426 2259 6:
449 2222 626 2262 sublatis
642 2236 778 2277 supra
794 2223 938 2277 capita

99 2279 233 2317 scutis
262 2279 603 2331 continuatisque
626 2281 737 2320 inter
757 2293 804 2319 se
826 2302 853 2307 —
878 2282 939 2318 te-

97 2332 403 2386 studinesaeta
419 2336 593 2375 subibam
602 2338 628 2374 t.
639 2358 692 2364 —
703 2335 840 2376 nilaeil—
851 2339 937 2375 tre-

95 2389 215 2446 pido,
243 2391 349 2429 dnzu
372 2391 477 2430 kann
501 2393 724 2442 ,facientes
747 2393 937 2443 gedacbt,

99 2447 201 2487 oder
216 2446 394 2486 dai-nach
414 2449 478 2487 ein
494 2447 629 2487 Punkt
645 2454 811 2498 gesetzt
830 2461 937 2488 wer-

99 2504 193 2552 den,
212 2503 344 2542 s.Cic.
363 2503 442 2543 Off.
471 2504 506 2555 1,
531 2504 594 2553 ll,
617 2504 693 2544 34:
716 2509 764 2545 ut
786 2508 937 2560 etipse

99 2573 152 2600 ne
180 2558 282 2611 quid
304 2563 475 2613 postem
506 2560 560 2600 ib.
584 2561 652 2611 24,
676 2561 727 2601 82
760 2575 797 2601 u.
822 2574 859 2601 a.
881 2584 936 2590 —

99 2615 204 2656 nihil
222 2638 248 2644 —
263 2629 350 2663 nec,
374 2615 413 2663 2,
432 2615 499 2664 30,
523 2617 561 2666 5,
583 2631 635 2656 zu
658 2617 857 2669 27,41,4.
880 2641 936 2648 —

103 2685 304 2727 qua-ea,
328 2672 367 2720 4,
391 2671 457 2719 33,
483 2673 519 2711 9.

158 2727 224 2767 3-
245 2729 283 2768 5.
331 2728 445 2780 clivo,
483 2728 519 2781 3,
560 2729 623 2780 18,
657 2729 696 2768 7.
730 2753 786 2759 —
820 2745 877 2771 σω
906 2731 933 2771 l.

100 2798 194 2840 sup.
226 2784 390 2825 erkliirt
426 2785 536 2825 inde.
572 2808 628 2814 —
663 2799 743 2826 sua
771 2791 934 2841 sponte,

99 2854 175 2882 aus
197 2842 342 2892 eigner
364 2839 498 2892 lirnl‘t,
529 2841 614 2880 Cic.
638 2842 683 2882 C.
708 2856 757 2883 ιιι.
796 2844 857 2895 19,
881 2845 930 2884 71

103 2911 144 2938 ιι.
164 2910 218 2948 8.,
241 2898 345 2937 wird
368 2899 470 2937 auch
496 2911 575 2937 von
600 2899 836 2939 siichlichen
849 2899 934 2939 Ob·

95 2954 238 3006 Jecten
277 2954 517 3006 gebraucht.
555 2977 611 2984 —
654 2957 870 3010 inserebat
896 2970 933 2996 n.

23 3018 29 3022 ”
101 3024 174 3051 eos
197 3011 262 3051 od.
285 3010 472 3051 absolut:
496 3012 686 3062 driingte.
709 3035 765 3042 —
785 3017 936 3065 strage

99 3067 229 3108 durch
259 3070 386 3108 ruina
408 3070 654 3119 gesteigert‚
691 3069 936 3110 bezeichnet

100 3136 151 3163 ιιι
174 3124 259 3164 sich
280 3125 406 3164 sehon
432 3126 523 3164 eine
547 3127 733 3165 schwere
759 3125 936 3166 Nieder-

102 3179 208 3233 lage,
235 3193 283 3220 so
313 3181 410 3221 dass
446 3195 490 3221 es
528 3182 640 3221 nicht
672 3183 937 3234 nothwendig

101 3236 262 3277 seheint
278 3250 329 3277 ea
352 3237 681 3289 hinzuzusiigen,
707 3238 790 3289 vgl.
810 3239 850 3288 3,
873 3239 936 3290 11,

1026 2171 1145 2221 ipsos
1168 2167 1281 2206 lesen
1305 2166 1405 2217 will,
1437 2167 1549 2206 nicht
1578 2168 1686 2207 wohl
1714 2166 1866 2216 sehlen,

1029 2224 1077 2263 da
1102 2222 1194 2261 kein
1219 2222 1458 2273 Gegensatz
1489 2224 1696 2263 zwiscben
1722 2223 1864 2275 Tagen

1029 2280 1110 2318 und
1148 2278 1336 2318 Niicbten
1374 2280 1623 2330 stattfindet,
1661 2282 1764 2320 auch
1801 2281 1867 2320 die

1031 2335 1128 2375 Zeit
1158 2341 1277 2375 sonst
1314 2336 1427 2375 nicht
1456 2336 1666 2376 bestimmt
1694 2338 1750 2376 ist
1786 2337 1868 2376 und

1029 2393 1123 2431 kein
1150 2392 1411 2432 Relativsatz
1435 2391 1553 2443 folgt,
1585 2393 1668 2443 vgl.
1696 2394 1730 2443 1,
1755 2395 1793 2442 5,
1817 2394 1865 2436 5:

1030 2448 1069 2497 2,
1093 2447 1159 2497 42,
1183 2451 1230 2497 53
1255 2448 1321 2501 21,
1345 2449 1510 2498 55,11,
1534 2450 1706 2500 vgl.10,
1725 2450 1864 2500 6,10;

1029 2505 1103 2553 36,
1144 2507 1182 2554 8,
1206 2506 1244 2544 4.
1275 2528 1331 2534 —
1360 2509 1546 2560 raptum,
1570 2506 1728 2546 schnell
1752 2519 1866 2558 weg-

1028 2561 1246 2613 geschafl't.
1285 2585 1338 2590 —
1376 2562 1580 2613 obsideri,
1612 2563 1687 2602 der
1709 2562 1867 2605 Ueber-

1027 2631 1135 2670 gang
1158 2632 1248 2658 vom
1273 2617 1342 2658 ins.
1367 2632 1458 2658 zum
1481 2632 1568 2659 acc.
1591 2633 1626 2659 c.
1644 2617 1715 2659 inf.
1739 2620 1868 2660 findet

1027 2676 1113 2715 sich
1155 2676 1257 2714 auch
1300 2681 1441 2726 sonst,
1493 2676 1722 2716 besonders
1765 2678 1866 2716 nach

1026 2731 1330 2786 impersonalia,
1353 2732 1438 2783 vgl.
1463 2746 1496 2772 c.
1521 2732 1588 2783 39,
1619 2733 1682 2772 ll.

1084 2844 1196 2884 6-8.
1213 2845 1398 2885 αᾱΙίοηι.
1420 2859 1475 2885 ex
1494 2859 1528 2885 v.
1551 2845 1701 2893 gebim
1718 2859 1769 2885 zu
1787 2844 1866 2886 du-

1025 2903 1110 2952 xit,
1137 2902 1249 2941 nicht
1267 2915 1317 2940 zu
1348 2904 1678 2954 proficiscentes.
1703 2925 1758 2931 -—
1783 2901 1866 2943 diit

1027 2959 1138 2998 hom.
1161 2971 1246 2998 acc.
1264 2977 1289 2990 z
1306 2971 1527 3004 accusans,
1559 2964 1683 2998 unter
1706 2958 1866 2999 Ankla-

1028 3027 1120 3065 gen,
1152 3012 1418 3059 Vorwiirsen,
1450 3015 1488 3063 2,
1520 3014 1584 3065 32,
1617 3015 1665 3062 4;
1704 3014 1774 3064 30,
1796 3016 1862 3062 20,

1028 3071 1076 3118 73
1109 3071 1211 3110 eben
1237 3084 1282 3110 so
1315 3072 1369 3110 ist
1401 3072 1474 3109 das
1496 3072 1766 3124 asyndetiscb
1789 3085 1866 3112 zur

1029 3127 1269 3176 Erkliirung
1287 3124 1580 3177 binzugestigte
1602 3128 1864 3181 indignando

1028 3196 1080 3223 zu
1105 3186 1288 3223 nehmen.
1309 3206 1364 3212 —
1384 3188 1633 3231 senesceret,
1651 3183 1866 3226 inTrauer

1028 3241 1109 3279 und
1132 3238 1343 3280 Verdruss
1367 3241 1451 3280 sicli
1474 3239 1708 3293 aul'zebrte,
1738 3242 1773 3292 1,
1796 3241 1865 3292 22,
