2221 3537
221 191 256 216 ι.
282 183 349 218 ch.
369 183 447 217 ⁴45.

813 168 971 211 [ABER
992 169 1063 212 lv.
1122 169 1241 212 CAP.
1262 171 1303 211 3.
1336 172 1375 212 4.

1891 173 1985 222 151

221 299 470 368 petriana,
497 297 670 349 deinde
697 297 868 347 consul
896 298 1002 355 fiat3
1030 296 1145 346 civis
1172 297 1423 346 Romanus
1446 299 1486 346 si
1508 298 1570 346 sit
1590 314 1643 346 ex
1667 297 1818 362 plebe,
1844 312 1988 362 prae-

222 370 319 422 cisa
333 368 613 421 consulatus
627 382 743 433 spes
757 365 885 417 erit?
904 373 1070 417 utrum
1089 367 1286 416 tandem
1308 382 1407 416 non
1433 369 1676 418 credimus
1699 367 1800 418 lieri
1822 384 1987 432 posse,
2029 375 2079 417 16

219 447 276 494 ut
299 441 372 491 vir
393 439 537 490 fortis
562 453 619 488 ac
645 445 893 497 strenuus,
920 453 1037 503 pace
1057 437 1282 502 belloque
1302 437 1460 487 bonus
1483 454 1539 486 ex
1562 439 1702 502 plebe
1722 439 1786 488 sit
1806 439 1990 490 Numae

222 510 276 562 L.
303 509 572 575 Tarquinio
600 509 705 559 Ser.
734 509 890 559 Tullio
918 509 1107 566 similiS,
1135 523 1209 567 an,
1236 522 1297 556 ne
1323 508 1365 557 si
1392 509 1455 557 sit
1481 509 1688 572 quidem,
1717 511 1774 558 ad
1803 510 1988 574 guber-
2028 516 2077 556 17

216 580 386 632 nacula
413 579 483 629 rei
504 579 722 646 publicae
743 580 972 629 accedere
991 595 1103 629 eum
1127 579 1381 645 patiemur,
1407 580 1667 644 potiusque
1687 580 1989 640 decemviris,

215 650 479 702 teterrimis
508 651 802 709 mortalium,
831 651 912 715 qui
937 657 1100 700 tamen
1128 665 1302 699 omnes
1329 666 1384 699 ex
1411 650 1634 715 patribus
1661 658 1812 709 erant,
1839 667 1987 715 quam

218 721 418 788 optimis
460 736 650 787 regum,
685 722 826 772 novis
869 720 1177 781 hominibus,
1211 720 1383 770 similis
1428 721 1658 770 consules
1694 737 1866 770 sumus
1902 723 1988 771 ha-

215 789 404 845 bituri?

364 865 460 923 „At
486 863 615 913 enim
637 879 749 913 vero
771 877 915 912 nemo
937 869 1053 928 post
1073 878 1210 926 reges
1233 869 1429 912 exactos
1452 862 1510 911 de
1531 860 1671 926 plebe
1692 862 1864 910 consul
1884 862 1989 911 fuit.
2028 862 2060 911 4

221 934 335 1000 quid
370 932 577 1000 postea?
615 934 807 984 nullane
842 949 920 983 res
955 949 1079 983 nova
1107 934 1290 983 institui
1320 933 1488 991 debet,
1518 939 1580 991 et,
1609 932 1740 997 quod
1768 932 1989 982 nondum

218 1011 296 1056 est
318 1004 502 1056 factum
527 1034 597 1041 —
624 1006 773 1055 multa
801 1005 928 1054 enim
959 1004 1180 1054 nondum
1209 1013 1323 1054 sunt
1342 1005 1467 1054 sacta
1488 1005 1536 1053 in
1558 1019 1687 1053 novo
1709 1004 1894 1069 populo
1921 1033 1991 1040 —-

218 1092 296 1136 ea,
339 1090 400 1126 ne
448 1077 489 1126 si
522 1076 653 1126 utilia
693 1077 887 1141 quidem
923 1077 1042 1134 sint,
1078 1077 1180 1125 lieri
1215 1074 1450 1141 oportet?
1489 1074 1743 1139 pontifices
1780 1090 1990 1139 augures
2028 1083 2052 1125 2

216 1147 429 1198 Romulo
475 1154 707 1211 regnante
748 1147 864 1196 nulli
906 1153 1068 1196 erant:
1107 1146 1164 1196 ab
1203 1147 1360 1195 Numa
1397 1146 1640 1210 Pompilio
1675 1147 1822 1194 creati
1860 1153 1990 1195 sunt.

217 1231 393 1268 census
415 1218 464 1266 in
487 1218 672 1266 civitate
698 1224 745 1266 et
765 1217 1027 1282 descriptio
1051 1217 1378 1266 centuriarum
1402 1217 1727 1280 classiumque
1747 1231 1848 1264 non
1864 1223 1990 1265 erat:

215 1287 276 1337 ab
306 1288 407 1338 Ser.
439 1288 596 1337 Tullio
626 1294 699 1336 est
723 1287 861 1337 facta.
913 1287 1142 1336 consules
1164 1302 1432 1352 numquam
1453 1287 1668 1336 fuerant:
1692 1286 1885 1350 regibus
1906 1303 1988 1335 ex·
2027 1297 2052 1338 3

217 1358 337 1409 actis
384 1359 529 1408 creati
565 1363 695 1408 sunt.
757 1358 1007 1408 dictatoris
1048 1373 1138 1407 nec
1173 1357 1433 1422 imperium
1469 1372 1560 1407 nec
1593 1372 1777 1406 nomen
1809 1356 1992 1406 fuerat:

217 1429 348 1495 apud
382 1435 543 1495 patres
581 1446 690 1479 esse
726 1429 900 1494 coepit.
961 1428 1142 1478 tribuni
1178 1429 1306 1494 plebi
1346 1429 1524 1478 aediles
1563 1434 1846 1492 quaestores
1875 1427 1992 1477 nulli

216 1569 424 1622 Fragsatz
461 1571 816 1622 hereingezogen3
858 1570 1058 1620 gewzihn-

217 1627 300 1668 lich
348 1628 463 1667 steht
511 1628 617 1667 daun
659 1640 712 1668 an
733 1659 743 1676 ,
796 1640 829 1668 a.
872 1626 1060 1679 Seyffert

217 1683 357 1724 Schol.
380 1683 452 1723 lat.
481 1683 515 1735 1,
550 1684 642 1724 117.
665 1685 832 1738 —fiat,
864 1683 911 1734 2,
943 1684 989 1734 7,
1019 1683 1059 1723 9.

215 1762 273 1770 —
289 1742 390 1781 civis
406 1739 544 1788 Rom„
568 1740 651 1791 vgl.
672 1740 739 1790 22,
763 1740 825 1790 19,
847 1740 892 1778 4:
913 1738 1057 1794 Scipio

213 1801 439 1852 postquam
476 1798 660 1838 movisse
685 1820 713 1826 —-
733 1798 898 1837 hostem.
934 1796 1059 1837 audi-

215 1856 290 1950 tln‘t,
309 1857 450 1909 primo
472 1854 582 1894 [dem
604 1854 902 1907 consiliisuit3
927 1852 995 1905 38,
1018 1854 1058 1905 9,

246 1909 270 1950 2
287 1924 327 1950 u.
346 1923 383 1951 a.

278 1966 441 2007 16-17.
475 1981 558 2008 non
580 1966 812 2017 credimus,
845 1967 957 2007 nicht
974 1981 1058 2008 non

214 2036 365 2080 posse,
395 2024 492 2063 weil
522 2024 594 2063 das
618 2023 832 2064 Nichtsein
858 2026 923 2071 (ne
943 2027 984 2064 si
1001 2027 1060 2065 sit

217 2081 272 2135 q.)
309 2081 402 2121 dem
432 2079 734 2132 Nichtglauben
779 2086 1060 2132 entgegenge-

217 2143 332 2178 setzt
352 2138 471 2188 wird,
499 2137 533 2186 l,
560 2137 627 2185 26,
652 2138 689 2177 7.
734 2137 1058 2178 Gewiihnlicher

217 2195 332 2235 steht
364 2195 402 2233 in
426 2194 596 2234 solchen
621 2194 783 2244 Fragen
808 2195 872 2234 die
897 2195 934 2235 2.
958 2195 1059 2235 Per-

217 2264 314 2302 son,
345 2251 440 2291 weil
472 2264 562 2290 man
595 2252 679 2291 sich
706 2249 779 2290 auf
797 2252 868 2290 das
893 2251 1058 2292 Urtheil

217 2308 411 2361 Anderer
451 2305 603 2347 berust.
645 2332 697 2336 —
734 2309 817 2347 Der
858 2308 1057 2348 Gedanke

218 2364 374 2416 selbst,
403 2365 585 2404 welcher
605 2363 632 2417 ξ
657 2363 728 2403 12:
759 2368 929 2417 ingenio
961 2372 1057 2413 etc„

217 2420 245 2475 ξ
270 2420 341 2462 13:
364 2424 405 2462 in
424 2435 504 2475 quo
521 2424 699 2461 eniteret
715 2427 794 2461 etc.
815 2424 1059 2475 entspricbt,

217 2479 275 2519 ist
308 2478 372 2518 als
406 2478 635 2518 besonders
665 2479 832 2529 wichtig
870 2481 982 2519 nicht
1019 2480 1058 2518 in

218 2535 297 2575 deu
314 2535 582 2575 Schlusssatz
604 2534 630 2588 ξ
655 2534 704 2574 13
727 2533 1059 2586 ausgenommen,

218 2591 398 2631 sondern
436 2591 499 2631 als
537 2592 846 2643 selbstiindiges
877 2593 1062 2633 Moment

218 2647 637 2701 behandelt.—-sort.
662 2652 702 2688 et
721 2653 869 2696 stren„
893 2664 927 2689 c.
953 2651 993 2700 5,
1011 2652 1059 2690 5:

220 2704 287 2754 28,
310 2705 376 2752 40,
397 2705 437 2744 4.
456 2727 510 2734 -
526 2718 582 2745 em
596 2705 666 2760 pt,
685 2707 920 2746 attributiv.
939 2730 994 2736 —
1010 2721 1062 2747 nc

217 2764 260 2801 si
273 2774 307 2801 s.
325 2774 361 2814 q.
374 2775 462 2801 :ne
480 2765 569 2802 tum
587 2761 769 2814 quidem,
787 2766 827 2803 .ςί
841 2767 906 2815 sit,
927 2765 976 2804 da
995 2765 1059 2804 die

218 2817 424 2869 Negation
448 2831 540 2857 zum
559 2818 815 2872 Hauptsatze
837 2821 999 2871 g'elib'rt,
1024 2834 1058 2861 c.

220 2874 266 2924 4,
304 2874 349 2923 13
373 2874 452 2924 42,
481 2876 558 2924 41,
594 2875 1060 2918 10:11tne-sibellum

218 2931 384 2986 quidem
407 2934 498 2985 quis
531 2933 604 2985 ins
603 2936 712 2985 crat,
747 2936 857 2973 tueri
877 2957 903 2962 -
923 2948 991 2974 me
1012 2935 1061 2974 li-

221 2992 335 3038 ceal,·
373 3001 413 3028 u.
453 2988 529 3029 ort.
564 3012 619 3017 —
647 2988 918 3043 decemviris,
953 3004 988 3031 s.
1020 2990 1059 3042 3,

222 3045 297 3096 64,
320 3045 360 3086 8.
381 3068 437 3074 —
459 3058 628 3097 omnes,
651 3045 697 3096 3,
719 3046 884 3097 35,11.
909 3070 961 3077 —-
982 3060 1059 3087 ηο-

219 3103 285 3142 vis
306 3102 363 3154 11.,
386 3115 422 3142 c.
445 3101 511 3150 48,
537 3103 575 3142 7.

285 3151 336 3200 4.
382 3158 416 3198 1.
456 3172 552 3201 vero
583 3159 678 3199 tritt
707 3160 804 3199 sehr
834 3160 968 3199 selten
1008 3173 1061 3200 zu

219 3218 418 3268 atenim,
449 3229 482 3256 s.
506 3215 553 3265 3,
585 3215 660 3267 68,
692 3216 741 3266 3,
771 3214 1062 3269 bekriil'tigend

1152 1569 1294 1608 hinzu:
1338 1569 1440 1609 aber
1480 1582 1607 1608 euere
1649 1568 1897 1619 Forderung
1938 1570 1994 1624 ist

1150 1627 1403 1677 ungerecht,
1431 1627 1537 1666 denn
1563 1638 1606 1665 es
1629 1638 1717 1664 war
1734 1626 1779 1676 ja
1802 1638 1926 1674 usw.,
1957 1638 1990 1665 s.

1151 1682 1190 1731 5,
1213 1684 1252 1731 9,
1276 1683 1314 1722 3.
1355 1683 1438 1722 Der
1460 1682 1743 1722 dritteGrund
1765 1683 1841 1722 der
1858 1682 1994 1722 Patri-

1150 1739 1238 1778 cier
1259 1752 1389 1790 gegen
1409 1740 1473 1779 die
1486 1739 1689 1789 Rogation
1713 1740 1818 1779 wird
1841 1739 1993 1779 wider-

1151 1796 1251 1846 legt.
1273 1819 1330 1826 —
1352 1795 1393 1836 ln
1424 1798 1500 1836 der
1528 1796 1626 1847 folg.
1650 1796 1916 1847 Aul'ziihlung
1938 1797 1993 1836 ist

1149 1854 1225 1892 mit
1252 1855 1370 1893 einer
1395 1854 1629 1893 Ausnabme
1666 1854 1733 1893 die
1769 1852 1992 1893 chronolo-

1149 1910 1290 1960 gische
1321 1910 1523 1961 Ordnung
1559 1908 1737 1960 besolgt,
1775 1910 1860 1961 vgl.
1890 1909 1990 1950 Tac.

1151 1967 1257 2008 Anu.
1294 1967 1366 2017 11,
1405 1967 1477 2006 24:
1518 1969 1659 2007 omnia
1688 1991 1713 1995 —
1742 1980 1847 2019 quae
1881 1979 1993 2006 nunc

1148 2026 1440 2065 vetustissima
1455 2023 1700 2075 creduntur,
1718 2037 1824 2063 nova
1828 2025 1971 2077 suere
1981 2039 1994 2062 .-

1146 2080 1284 2135 plebei
1316 2083 1607 2133 magistratus
1641 2084 1742 2136 post
1769 2082 1992 2135 patricios,

1149 2137 1294 2178 Latini
1311 2142 1409 2192 post
1422 2138 1619 2193 plebeios.
1632 2137 1801 2190 —quid
1818 2140 1994 2192 postea?

1149 2207 1236 2234 was
1260 2195 1394 2234 daun?
1425 2207 1511 2234 was
1541 2195 1620 2234 soll
1651 2196 1803 2234 dar-aus
1825 2193 1992 2246 folgen?

1148 2273 1205 2280 —
1227 2264 1277 2290 ea
1305 2253 1374 2290 hat
1404 2253 1489 2290 sicli
1521 2252 1634 2290 nicht
1662 2264 1712 2290 an
1751 2251 1864 2303 qaod
1891 2251 1992 2290 oder

1150 2321 1199 2347 ea
1241 2321 1330 2359 res,
1372 2308 1551 2347 sondern
1594 2320 1643 2347 an
1688 2308 1823 2347 malta
1862 2320 1991 2358 auge-

1149 2365 1380 2414 schlossen,
1404 2377 1436 2404 S.
1464 2364 1499 2414 1,
1523 2363 1590 2413 36,
1614 2364 1653 2404 6.

1208 2421 1231 2460 2
1249 2445 1274 2450 -
1293 2422 1331 2462 3.
1371 2423 1530 2475 pontif.
1552 2434 1674 2474 aug„
1704 2421 1777 2460 das
1801 2421 1992 2474 Asynde·

1152 2484 1243 2527 ton,
1267 2479 1363 2517 weil
1387 2479 1498 2518 nicht
1520 2478 1602 2517 alle
1625 2478 1839 2528 Collegien
1862 2490 1990 2526 ange-

1151 2533 1264 2574 suhrt
1301 2535 1483 2575 werden.
1521 2559 1573 2563 —
1603 2548 1814 2588 augures,
1852 2547 1896 2574 es
1936 2535 1991 2574 ist

1150 2593 1223 2631 das
1254 2592 1484 2643 Collegium
1516 2593 1591 2631 der
1615 2595 1785 2643 Augurn
1818 2604 1871 2630 zu
1892 2604 1993 2630 ver-

1151 2649 1321 2697 stehen,
1360 2650 1407 2688 da
1447 2648 1645 2689 Romulus
1688 2650 1816 2688 sehon
1859 2648 1992 2687 selbst

1150 2707 1294 2756 Augur
1330 2719 1539 2757 gewesen,
1577 2707 1642 2745 die
1676 2705 1991 2756 Auguraldisci-

1151 2764 1235 2816 plin
1267 2762 1505 2813 eingeffihrt
1534 2763 1614 2803 und
1647 2765 1712 2802 ein
1738 2764 1882 2812 Augur
1913 2763 1989 2801 den

1151 2819 1282 2860 Numa
1312 2822 1494 2870 geweiht
1524 2820 1652 2859 haben
1682 2819 1782 2871 soll,
1813 2832 1846 2858 s.
1875 2819 1917 2862 1,
1943 2818 1989 2865 ’ἲς

1156 2878 1227 2920 ΙῘς
1259 2877 1321 2927 10,
1346 2877 1385 2928 6,
1411 2878 1448 2928 7,
1474 2877 1558 2926 vgl.
1583 2878 1666 2915 Cic.
1691 2875 1788 2927 nep.
1814 2876 1851 2923 2,
1875 2876 1914 2915 9.
1937 2897 1991 2903 —-

1149 2934 1267 2988 apud
1284 2938 1386 2988 pat„
1410 2947 1486 2973 zur
1508 2933 1602 2972 Zeit
1624 2931 1811 2982 wigenss.
1836 2932 1886 2970 im
1910 2931 1991 2970 Be-

1151 2991 1307 3041 reiche)
1329 2992 1404 3030 der
1427 2991 1490 3040 V.,
1514 2991 1596 3029 Cic.
1623 2989 1724 3028 Phil.
1748 2989 1786 3038 5,
1822 2989 1886 3038 17,
1917 2989 1990 3027 45:

1150 3048 1266 3102 apud
1297 3050 1493 3100 antiquos
1511 3071 1534 3074 —
1559 3049 1794 3086 remanare
1828 3058 1988 3085 memo-

1150 3107 1237 3153 ria,
1271 3104 1377 3145 Mur.
1403 3105 1473 3155 36,
1509 3104 1579 3141 75:
1609 3102 1727 3157 apud
1743 3106 1889 3156 patres
1912 3114 1990 3141 no-

1151 3165 1290 3204 stt-os:
1316 3161 1394 3201 Off.
1426 3161 1464 3212 l,
1493 3160 1560 3210 ll,
1591 3158 1665 3208 353
1697 3181 1751 3187 —
1771 3158 1990 3214 descript„

1155 3218 1198 3270 1,
1228 3217 1303 3267 42,
1334 3219 1373 3258 5.
1403 3239 1459 3246 —-
1479 3218 1640 3270 quaest.
1669 3214 1775 3256 nulli
1795 3228 1876 3267 er„
1907 3228 1988 3255 von
