2221 3537
126 233 160 257 ι.
180 223 340 258 cussa.
691 209 848 252 LlBER
881 210 932 252 v.
995 209 1109 250 CAP.
1132 210 1202 251 29.
1226 211 1295 251 30.

1773 209 1868 259 321

117 353 171 390 ae
195 353 343 405 pravo
368 338 546 389 iudicio
573 338 631 387 de
656 338 865 388 tribunis
893 337 1292 388 intercessionem
1321 338 1602 395 sustulisse,
1637 337 1875 385 interces-

112 407 253 460 sione
297 409 482 460 sublata
517 407 823 458 tribuniciam
859 414 1148 473 potestatem
1182 409 1429 456 evertisse.
1494 424 1602 456 nam
1640 406 1769 471 quod
1810 405 1874 455 illi
1912 415 1937 453 9

112 486 394 545 sperarent,
429 480 713 529 effrenatam
750 479 991 528 licentiam
1019 479 1121 527 eius
1149 478 1457 540 magistratus
1487 486 1647 542 patres
1676 477 1875 533 laturoS,

108 548 209 600 falli
233 564 335 600 eos,
380 549 422 600 si
448 548 702 599 tribunicia
732 550 801 598 vis
829 548 1088 598 tribunicio
1116 547 1291 597 auxilio
1315 549 1476 611 repelli
1498 555 1721 612 nequeat,
1749 546 1875 595 aliud

105 619 256 671 telum
282 625 443 685 patres
471 619 754 669 inventuros
782 635 903 668 esse.
956 618 1281 682 consulesque
1311 618 1598 682 increpabat,
1627 617 1755 682 quod
1786 617 1878 665 lide
1919 625 1968 664 ιο

105 688 296 755 publica
335 690 494 755 decipi
520 689 744 739 tribunos
771 706 856 738 eos
884 689 1011 738 taciti
1039 689 1285 745 tulissent,
1323 689 1404 752 qui
1432 696 1630 736 senatus
1658 688 1874 736 auctori-

105 764 253 810 tatem
274 761 426 810 secuti
447 767 626 810 essent.
672 761 790 809 baec
812 760 1062 825 propalam
1086 758 1508 808 contionabundus
1530 759 1575 806 in
1598 759 1699 805 dies
1723 757 1877 819 magis

103 829 308 894 augebat
337 830 433 881 iras
467 831 741 880 hominum.
794 831 1024 880 Senatum
1069 847 1178 879 vero
1215 830 1413 879 incitare
1451 829 1683 878 adversus
1710 827 1865 890 legem
1910 827 1977 877 30

104 900 234 951 baud
267 901 551 951 desistebat:
585 917 646 951 ne
681 902 817 951 aliter
853 902 1203 950 descenderent
1229 901 1275 949 in
1302 902 1490 956 forum,
1529 915 1639 948 cum
1667 898 1768 946 dies
1794 897 1863 946 fe·
1921 906 1934 922 ·

103 971 282 1022 rendae
305 971 421 1036 legis
448 973 676 1034 venisset,
704 988 846 1037 quam
875 980 927 1021 ut
953 974 1033 1037 qui
1060 972 1401 1020 meminissent
1426 970 1515 1019 sibi
1544 986 1633 1034 pro
1662 968 1759 1018 aris
1788 967 1864 1016 fo-

107 1042 275 1110 cisque
299 1049 346 1093 et
371 1043 517 1093 deum
544 1043 739 1108 templis
766 1060 820 1092 ac
846 1043 978 1101 solo,
1007 1043 1054 1091 in
1081 1059 1177 1107 quo
1207 1043 1305 1091 nati
1333 1048 1519 1097 essent,
1548 1039 1876 1088 dimicandum

105 1111 229 1163 fore.
278 1127 392 1163 nam
419 1114 549 1179 quod
577 1115 636 1163 ad
666 1130 718 1163 se
747 1114 967 1178 privatim
996 1114 1209 1170 attineat,
1238 1113 1278 1161 si
1306 1129 1420 1162 suae
1441 1112 1620 1176 gloriae
1641 1110 1733 1158 sibi
1756 1110 1878 1158 inter
1915 1118 1939 1158 2

105 1182 467 1234 dimicationem
489 1185 673 1249 patriae
694 1185 977 1233 meminisse
999 1184 1061 1233 sit
1080 1185 1170 1241 fas,
1199 1184 1292 1232 sibi
1315 1184 1530 1247 amplum
1556 1196 1751 1244 quoque
1771 1195 1878 1229 esse

105 1253 279 1303 urbem
306 1254 365 1303 ab
391 1270 443 1303 se
470 1262 658 1319 captam
685 1255 995 1318 frequentari,
1022 1254 1197 1302 cotidie
1224 1270 1277 1301 se
1303 1254 1397 1301 frui
1426 1259 1747 1300 monumento
1772 1250 1878 1313 glo-

101 1323 203 1374 riae
236 1339 379 1381 suae,
416 1331 463 1373 et
497 1331 606 1373 ante
635 1325 804 1374 oculos
834 1324 1013 1373 habere
1041 1324 1210 1372 urbem
1239 1323 1381 1371 latam
1412 1323 1460 1370 in
1488 1321 1738 1385 triumpho
1769 1335 1877 1374 suo,

101 1394 328 1445 insistere
362 1410 534 1445 omnes
573 1395 784 1460 vestigiis
812 1395 1009 1444 laudum
1039 1409 1264 1453 suarum,
1309 1393 1394 1441 sed
1423 1392 1558 1442 nefas
1587 1392 1764 1441 ducere
1791 1390 1876 1439 de—
1916 1399 1938 1439 3

101 1471 282 1515 sertam
309 1481 364 1515 ac
389 1466 603 1515 relictam
631 1467 689 1515 ab
717 1466 790 1514 dis
813 1465 1149 1514 inmortalibus
1172 1464 1313 1512 incoli
1336 1464 1521 1520 urbem,
1549 1463 1662 1511 etin
1687 1461 1874 1526 captivo

104 1535 211 1585 solo
233 1535 448 1586 habitare
469 1536 707 1601 populum
726 1537 1018 1594 Romanum,
1042 1543 1089 1584 et
1109 1535 1299 1584 victrice
1320 1534 1472 1599 patria
1494 1533 1666 1582 victam
1685 1532 1875 1581 mutari.

98 1606 175 1656 his
204 1605 623 1656 adhortationibus
652 1607 885 1672 principis
915 1607 1139 1656 concitati
1166 1612 1355 1670 patres,
1394 1620 1536 1653 senes
1566 1604 1876 1667 iuvenesque,
1912 1612 1937 1651 4

101 1772 193 1814 bier
227 1773 293 1813 die
322 1772 585 1825 Verletzung
623 1774 697 1814 der
732 1773 943 1814 Tribunen

100 1827 287 1870 insofern
311 1830 372 1870 sie
392 1834 660 1872 sacrosancti
677 1832 783 1872 sind.

160 1886 315 1926 9-10.
360 1887 478 1928 aliud
507 1887 594 1937 tel„
637 1889 701 1928 die
740 1888 944 1937 Dictatur,

100 1942 185 1995 vgl.
216 1941 263 1994 3,
294 1944 367 1997 55,
397 1944 444 1994 33
478 1944 524 1995 6,
553 1943 630 1996 35,
660 1944 698 1983 8.
721 1944 881 1998 —fide
904 1958 943 1983 n.

101 1997 215 2051 data,
235 2001 504 2056 interposita,
528 2002 662 2041 indem
680 2001 744 2040 die
763 2000 946 2040 Gewiihr

102 2055 179 2096 der
199 2055 382 2097 Consuln
406 2058 486 2097 und
510 2058 582 2097 des
600 2059 794 2107 Senates‚
818 2071 851 2097 s.
876 2057 942 2107 29,

107 2111 232 2164 1,17,
253 2113 337 2165 vgl.
362 2112 407 2167 3,
433 2114 505 2165 19,
533 2115 575 2163 1,
597 2115 670 2154 das
693 2114 944 2165 gewa'hrlei·

102 2168 834 2224 ateteversprecbennicbtgehalten
847 2182 953 2224 war,

102 2236 245 2265 waren
262 2226 328 2266 die
345 2225 556 2266 Tribunen
576 2227 831 2267 vermittelst
850 2228 945 2266 des-

104 2281 250 2322 selben
267 2283 490 2334 getiiuscht
507 2285 690 2331 worden,
714 2283 946 2333 1,9,13.—

106 2340 225 2379 taciti
243 2338 334 2389 tut„
354 2341 428 2379 der
446 2341 707 2393 persb'nliche
726 2339 948 2380 Ausdruck

105 2393 174 2435 fiir
194 2395 272 2435 den
294 2409 329 2436 c.
353 2395 428 2447 28,
456 2397 470 2435 1
501 2397 732 2437 adverbiell
757 2397 948 2435 bezeich-

106 2457 231 2492 ncten
253 2452 426 2504 Begrifl':
451 2454 570 2504 ruhig
593 2454 852 2502 hinnehmen‚
879 2452 947 2503 35,

109 2507 175 2556 19,
201 2507 238 2548 1.
259 2530 312 2537 —
335 2511 375 2548 in
399 2509 438 2550 d.
459 2524 515 2550 m.
539 2523 656 2563 aug„
679 2510 746 2559 40,
770 2510 809 2558 5,
833 2510 871 2549 2.

163 2555 252 2605 80·
303 2565 340 2604 1.
385 2566 502 2606 haud
538 2566 706 2616 ἀπίει,
747 2579 792 2606 so
835 2565 950 2605 steht

107 2619 226 2662 haud
244 2622 501 2672 gewb‘hnlich
524 2622 588 2662 bei
607 2623 828 2674 negativen
847 2623 950 2662 oder

107 2678 229 2718 einen
247 2678 467 2728 negativen
488 2678 948 2729 Begriffenthaltenden

109 2733 315 2785 Worten,
344 2737 483 2774 abnuo
507 2748 542 2774 c.
565 2734 641 2779 33,
672 2736 718 2783 4ς
747 2749 857 2788 nego
879 2735 948 2786 30,

108 2789 177 2842 30,
199 2789 277 2840 27;
299 2791 502 2832 adversor
524 2791 562 2843 4,
587 2791 651 2842 12,
671 2790 718 2839 ὃς
741 2805 952 2846 aspernor

110 2845 316 2900 1‚23,10;
339 2861 492 2903 sperno
515 2848 554 2898 4,
579 2847 645 2898 20,
673 2848 745 2896 113
768 2850 953 2903 paenitet

110 2902 156 2953 1,
179 2902 228 2955 8,
250 2902 298 2952 33
332 2904 524 2960 displicet
549 2905 592 2952 1,
616 2904 683 2952 23,
712 2904 783 2944 10;
814 2906 951 2944 miror

110 2959 150 3011 5,
172 2958 241 3012 34,
263 2961 288 3001 6
310 2974 351 3000 u.
372 2973 426 3013 a.,
451 2961 534 3012 vgl.
563 2961 597 3011 1,
620 2961 658 3009 2,
683 2961 706 3000 2
725 2961 841 3001 haud
854 2975 951 3001 am-

109 3017 266 3069 bigam.
287 3040 341 3047 —
363 3021 412 3058 nt
432 3020 518 3072 qui,
554 3017 588 3065 1,
619 3018 685 3064 49,
710 3018 759 3066 3;
791 3017 857 3067 29,
881 3017 950 3069 33,

110 3071 228 3113 2.-
254 3087 333 3129 pro
363 3077 454 3115 aris
476 3098 502 3103 -
523 3075 634 3123 solo,
666 3074 844 3125 26,13,
880 3074 949 3122 133

110 3128 195 3169 Cic.
216 3128 322 3172 Phil.
346 3131 390 3185 8,
422 3132 467 3180 3,
492 3131 536 3170 8:
566 3145 643 3171 nos
666 3130 843 3170 deorum
865 3134 947 3170 i'm-

109 3185 357 3228 mortalium
380 3187 554 3242 templa,
584 3202 662 3227 nos
683 3200 846 3237 mur-os,
870 3201 947 3227 nos

111 3241 323 3284 domim‘lt’a
356 3244 561 3298 sedesque
589 3258 633 3299 p.
662 3243 732 3297 11,,
759 3247 949 3299 penates,

200 3312 275 3348 Tit.
296 3311 370 3347 Liv.
394 3314 438 3348 11.
464 3310 499 3347 3.
521 3312 613 3347 Auss.

1035 1786 1149 1824 aras,
1161 1774 1298 1826 socos
1315 1796 1342 1801 -
1363 1772 1650 1826 defendimus.
1682 1771 1757 1812 Die
1778 1784 1881 1811 arae

1037 1831 1128 1869 sind
1153 1831 1217 1869 die
1242 1830 1507 1869 o'tsentlichen
1533 1829 1703 1877 Altiire3
1728 1829 1766 1868 in
1790 1827 1881 1868 Pri·

1035 1888 1292 1926 vathiiusern
1352 1887 1466 1925 dient
1515 1886 1589 1925 der
1638 1885 1775 1925 Heerd
1828 1885 1879 1924 im

1036 1944 1378 1996 Atriun1,socus,
1401 1955 1550 1981 ausser
1567 1955 1618 1981 zu
1637 1942 1879 1981 hiiuslichen

1037 1999 1247 2039 Zwecken
1270 2000 1373 2038 auch
1395 1999 1458 2038 als
1481 2000 1603 2038 Altar
1624 1996 1692 2037 fiir
1712 1999 1778 2038 die
1802 1997 1881 2037 La-

1036 2069 1109 2096 ren
1142 2057 1222 2096 und
1255 2055 1460 2105 penaten,
1489 2054 1515 2108 §
1539 2055 1585 2105 6,
1618 2054 1879 2105 gewb‘hnlich

1036 2113 1234 2153 bedeutet
1251 2126 1332 2168 pro
1352 2125 1415 2152 ar.
1436 2113 1606 2165 etsoct‘s
1623 2109 1691 2151 fur
1707 2111 1772 2150 die
1792 2111 1880 2150 hei-

1036 2170 1188 2220 ligsten
1219 2170 1465 2208 theuersten
1498 2168 1643 2208 Giiter.
1670 2191 1726 2197 —
1754 2167 1880 2207 dinei-

1036 2226 1288 2278 candums.,
1307 2226 1372 2264 die
1392 2224 1662 2275 Verbindung
1679 2225 1883 2277 vonsore

1037 2284 1111 2323 mit
1160 2283 1250 2321 dein
1294 2281 1577 2321 Gerundivum
1622 2281 1749 2320 findet
1793 2281 1879 2319 sich

1038 2337 1246 2379 mehrfach
1266 2338 1329 2377 bei
1350 2337 1410 2387 L.,
1430 2351 1462 2376 s.
1482 2338 1521 2386 4,
1541 2337 1608 2386 26,
1632 2337 1701 2376 lo:
1727 2335 1880 2388 31,11,

1043 2396 1112 2435 18:
1144 2394 1446 2451 postulandum
1468 2395 1602 2445 sore:
1633 2392 1708 2443 36,
1735 2393 1809 2443 27,
1835 2393 1880 2431 7:

1039 2451 1409 2503 mittendos-sore:
1435 2451 1502 2501 39,
1526 2450 1593 2498 35,
1616 2450 1640 2487 6
1664 2463 1703 2489 u.
1725 2462 1762 2489 a.

1099 2507 1211 2548 2—3.
1251 2507 1436 2547 (1ιήηόαὴ
1464 2520 1527 2561 p.,
1554 2507 1689 2546 indem
1719 2519 1764 2545 es
1795 2506 1880 2545 sich

1040 2578 1107 2605 um
1150 2565 1214 2604 die
1259 2564 1463 2604 Existenz
1508 2563 1697 2603 baudele.
1729 2584 1784 2592 —
1821 2562 1881 2602 Ia-

1043 2626 1151 2671 tam,
1190 2622 1289 2660 nach
1325 2621 1400 2660 der
1434 2620 1629 2673 spiiteren
1661 2619 1770 2658 Sitte
1798 2619 1881 2659 Ab·

1042 2679 1263 2729 bildungen
1294 2678 1369 2717 der
1397 2677 1619 2717 eroberten
1650 2676 1799 2715 St‘zidte
1830 2677 1880 2715 im

1040 2735 1265 2788 Triumphe
1285 2731 1575 2774 aufzufiihren.
1597 2756 1651 2762 —
1674 2734 1881 2784 vestigiis,

1041 2792 1126 2842 vgl.
1152 2805 1186 2832 c.
1216 2791 1284 2839 16,
1321 2791 1385 2830 10.
1407 2813 1461 2819 -
1483 2791 1534 2829 ab
1558 2789 1712 2841 di1·s,c.
1736 2788 1804 2827 22.
1827 2810 1880 2817 ·—

1041 2851 1231 2896 victrice,
1263 2847 1414 2900 Zumpt
1443 2846 1469 2897 ξ
1493 2847 1596 2885 456ε
1630 2846 1696 2884 die
1725 2846 1880 2884 andere

1042 2904 1280 2945 construet.
1324 2917 1357 2943 s.
1401 2905 1444 2952 9,
1491 2903 1559 2950 12,
1599 2902 1641 2941 2:
1683 2903 1883 2942 victoriae

1037 2965 1351 3017 possessiouem
1370 2963 1531 2998 incer-ea
1547 2972 1650 3014 pace
1665 2962 1878 2998 mutasse:

1041 3019 1283 3058 ausserdem
1315 3017 1487 3055 braucht
1512 3014 1555 3054 L.
1586 3016 1688 3055 auch
1714 3019 1883 3055 mutare

1042 3088 1135 3116 cum
1159 3076 1237 3113 und
1259 3087 1351 3127 pro,
1377 3072 1442 3117 21,
1467 3072 1530 3124 45,
1554 3072 1600 3123 6,
1632 3072 1698 3120 27,
1723 3071 1790 3121 35,
1818 3071 1880 3111 14.

1097 3132 1136 3170 4.
1184 3132 1388 3185 principis
1426 3142 1463 3168 n.
1502 3131 1590 3177 sui,
1629 3129 1702 3168 des
1737 3134 1877 3168 ersten

1041 3187 1212 3229 mannes
1232 3193 1355 3225 untcr
1374 3187 1508 3237 ihnen,
1526 3186 1606 3225 wie
1625 3191 1745 3225 sonst
1760 3187 1882 3240 prin-

1040 3258 1137 3300 ceps
1166 3246 1363 3297 senatus,
1393 3242 1441 3294 6,
1474 3243 1508 3291 1,
1532 3242 1579 3291 4;
1611 3244 1789 3283 etz-itatis
1810 3241 1878 3290 33,
