<?xml version="1.0" encoding="UTF-8"?>
<!DOCTYPE html PUBLIC "-//W3C//DTD XHTML 1.0 Transitional//EN"
    "http://www.w3.org/TR/xhtml1/DTD/xhtml1-transitional.dtd">
<html xmlns="http://www.w3.org/1999/xhtml" xml:lang="en" lang="en">
 <head>
  <title>
</title>
<meta http-equiv="Content-Type" content="text/html;charset=utf-8" />
  <meta name='ocr-system' content='tesseract 3.04.00' />
  <meta name='ocr-capabilities' content='ocr_page ocr_carea ocr_par ocr_line ocrx_word'/>
</head>
<body>
  <div class='ocr_page' id='page_1' title='image "./aburbeconditali01livy_0248.png"; bbox 0 0 2221 3537; ppageno 0'>
   <div class='ocr_carea' id='block_1_1' title="bbox 279 149 381 199">
    <p class='ocr_par' dir='ltr' id='par_1_1' title="bbox 279 149 381 199">
     <span class='ocr_line' id='line_1_1' title="bbox 279 149 381 199; baseline -0.02 0"><span class='ocrx_word' id='word_1_1' title='bbox 279 149 381 199; x_wconf 83' lang='lat'>222</span> 
     </span>
    </p>
   </div>
   <div class='ocr_carea' id='block_1_2' title="bbox 916 146 1378 189">
    <p class='ocr_par' dir='ltr' id='par_1_2' title="bbox 916 146 1378 189">
     <span class='ocr_line' id='line_1_2' title="bbox 916 146 1378 189; baseline 0 -1"><span class='ocrx_word' id='word_1_2' title='bbox 916 147 1073 188; x_wconf 85' lang='lat' dir='ltr'><strong>LIBER</strong></span> <span class='ocrx_word' id='word_1_3' title='bbox 1092 146 1139 188; x_wconf 88' lang='lat'>11.</span> <span class='ocrx_word' id='word_1_4' title='bbox 1199 147 1318 189; x_wconf 87' lang='lat' dir='ltr'>CAP.</span> <span class='ocrx_word' id='word_1_5' title='bbox 1340 149 1378 188; x_wconf 86' lang='lat'>2.</span> 
     </span>
    </p>
   </div>
   <div class='ocr_carea' id='block_1_3' title="bbox 1849 158 2042 195">
    <p class='ocr_par' dir='ltr' id='par_1_3' title="bbox 1849 158 2042 195">
     <span class='ocr_line' id='line_1_3' title="bbox 1849 158 2042 195; baseline 0.026 -5"><span class='ocrx_word' id='word_1_6' title='bbox 1849 168 1881 193; x_wconf 73' lang='grc' dir='ltr'>ι.</span> <span class='ocrx_word' id='word_1_7' title='bbox 1905 169 1942 194; x_wconf 82' lang='lat' dir='ltr'>u.</span> <span class='ocrx_word' id='word_1_8' title='bbox 1967 158 2042 195; x_wconf 75' lang='lat'>245.</span> 
     </span>
    </p>
   </div>
   <div class='ocr_carea' id='block_1_4' title="bbox 1962 0 2099 24">
    <p class='ocr_par' dir='ltr' id='par_1_4' title="bbox 1962 0 2099 24">
     <span class='ocr_line' id='line_1_4' title="bbox 1962 0 2099 24; baseline 0 -7"><span class='ocrx_word' id='word_1_9' title='bbox 1962 0 1977 17; x_wconf 60' lang='grc' dir='ltr'>τ’</span> <span class='ocrx_word' id='word_1_10' title='bbox 1995 0 2099 24; x_wconf 42' lang='grc' dir='ltr'>κνῆ-α’,</span> 
     </span>
    </p>
   </div>
   <div class='ocr_carea' id='block_1_5' title="bbox 223 273 2046 1181">
    <p class='ocr_par' dir='ltr' id='par_1_5' title="bbox 223 273 2046 1181">
     <span class='ocr_line' id='line_1_5' title="bbox 278 273 2042 338; baseline -0.002 -13"><span class='ocrx_word' id='word_1_11' title='bbox 278 277 458 325; x_wconf 90' lang='lat' dir='ltr'>sensim</span> <span class='ocrx_word' id='word_1_12' title='bbox 481 274 827 338; x_wconf 79' lang='lat' dir='ltr'>temptantium</span> <span class='ocrx_word' id='word_1_13' title='bbox 849 275 1039 324; x_wconf 90' lang='lat' dir='ltr'>animos</span> <span class='ocrx_word' id='word_1_14' title='bbox 1060 291 1224 324; x_wconf 90' lang='lat' dir='ltr'>sermo</span> <span class='ocrx_word' id='word_1_15' title='bbox 1246 289 1333 338; x_wconf 89' lang='lat' dir='ltr'>per</span> <span class='ocrx_word' id='word_1_16' title='bbox 1352 281 1506 324; x_wconf 89' lang='lat' dir='ltr'>totam</span> <span class='ocrx_word' id='word_1_17' title='bbox 1527 274 1768 326; x_wconf 88' lang='lat' dir='ltr'>civitatem</span> <span class='ocrx_word' id='word_1_18' title='bbox 1790 280 1865 323; x_wconf 89' lang='lat' dir='ltr'>est</span> <span class='ocrx_word' id='word_1_19' title='bbox 1884 273 2042 332; x_wconf 87' lang='lat' dir='ltr'>datus,</span> 
     </span>
     <span class='ocr_line' id='line_1_6' title="bbox 223 344 2044 409; baseline 0 -17"><span class='ocrx_word' id='word_1_20' title='bbox 223 354 246 392; x_wconf 87' lang='lat'>5</span> <span class='ocrx_word' id='word_1_21' title='bbox 276 346 630 409; x_wconf 83' lang='lat' dir='ltr'>sollicitamque</span> <span class='ocrx_word' id='word_1_22' title='bbox 656 345 934 409; x_wconf 81' lang='lat' dir='ltr'><strong>suspicione</strong></span> <span class='ocrx_word' id='word_1_23' title='bbox 960 344 1154 409; x_wconf 83' lang='lat' dir='ltr'><strong>plebem</strong></span> <span class='ocrx_word' id='word_1_24' title='bbox 1181 345 1362 393; x_wconf 89' lang='lat' dir='ltr'>Brutus</span> <span class='ocrx_word' id='word_1_25' title='bbox 1389 345 1447 393; x_wconf 92' lang='lat' dir='ltr'>ad</span> <span class='ocrx_word' id='word_1_26' title='bbox 1475 345 1757 394; x_wconf 88' lang='lat' dir='ltr'>contionem</span> <span class='ocrx_word' id='word_1_27' title='bbox 1785 351 1939 394; x_wconf 87' lang='lat' dir='ltr'>vocat.</span> <span class='ocrx_word' id='word_1_28' title='bbox 1977 344 2044 393; x_wconf 92' lang='lat' dir='ltr'>ibi</span> 
     </span>
     <span class='ocr_line' id='line_1_7' title="bbox 277 415 2042 479; baseline -0.001 -15"><span class='ocrx_word' id='word_1_29' title='bbox 277 415 499 465; x_wconf 90' lang='lat' dir='ltr'>omnium</span> <span class='ocrx_word' id='word_1_30' title='bbox 528 416 739 479; x_wconf 88' lang='lat' dir='ltr'>primum</span> <span class='ocrx_word' id='word_1_31' title='bbox 767 416 843 464; x_wconf 89' lang='lat' dir='ltr'>ius</span> <span class='ocrx_word' id='word_1_32' title='bbox 872 415 1132 463; x_wconf 89' lang='lat' dir='ltr'>iurandum</span> <span class='ocrx_word' id='word_1_33' title='bbox 1159 415 1326 479; x_wconf 90' lang='lat' dir='ltr'>populi</span> <span class='ocrx_word' id='word_1_34' title='bbox 1353 415 1524 464; x_wconf 83' lang='lat' dir='ltr'>recitat</span> <span class='ocrx_word' id='word_1_35' title='bbox 1559 416 1812 464; x_wconf 91' lang='lat' dir='ltr'>neminem</span> <span class='ocrx_word' id='word_1_36' title='bbox 1838 428 2042 479; x_wconf 85' lang='lat' dir='ltr'>regnare</span> 
     </span>
     <span class='ocr_line' id='line_1_8' title="bbox 274 483 2044 550; baseline 0 -17"><span class='ocrx_word' id='word_1_37' title='bbox 274 500 504 550; x_wconf 85' lang='lat' dir='ltr'>passuros</span> <span class='ocrx_word' id='word_1_38' title='bbox 532 501 624 534; x_wconf 91' lang='lat' dir='ltr'>nec</span> <span class='ocrx_word' id='word_1_39' title='bbox 660 501 766 535; x_wconf 89' lang='lat' dir='ltr'>esse</span> <span class='ocrx_word' id='word_1_40' title='bbox 794 486 1000 540; x_wconf 77' lang='lat' dir='ltr'>Romae,</span> <span class='ocrx_word' id='word_1_41' title='bbox 1045 485 1176 533; x_wconf 91' lang='lat' dir='ltr'>unde</span> <span class='ocrx_word' id='word_1_42' title='bbox 1214 484 1483 548; x_wconf 88' lang='lat' dir='ltr'>periculum</span> <span class='ocrx_word' id='word_1_43' title='bbox 1528 486 1740 534; x_wconf 81' lang='lat' dir='ltr'>libertati</span> <span class='ocrx_word' id='word_1_44' title='bbox 1783 485 1925 533; x_wconf 88' lang='lat' dir='ltr'>foret.</span> <span class='ocrx_word' id='word_1_45' title='bbox 1995 483 2044 533; x_wconf 84' lang='lat' dir='ltr'>id</span> 
     </span>
     <span class='ocr_line' id='line_1_9' title="bbox 274 554 2041 619; baseline -0.001 -15"><span class='ocrx_word' id='word_1_46' title='bbox 274 571 468 605; x_wconf 90' lang='lat' dir='ltr'>summa</span> <span class='ocrx_word' id='word_1_47' title='bbox 496 572 587 619; x_wconf 91' lang='lat' dir='ltr'>ope</span> <span class='ocrx_word' id='word_1_48' title='bbox 614 556 851 604; x_wconf 88' lang='lat' dir='ltr'>tuendum</span> <span class='ocrx_word' id='word_1_49' title='bbox 881 570 1002 611; x_wconf 87' lang='lat' dir='ltr'>esse,</span> <span class='ocrx_word' id='word_1_50' title='bbox 1031 569 1193 619; x_wconf 88' lang='lat' dir='ltr'>neque</span> <span class='ocrx_word' id='word_1_51' title='bbox 1218 555 1364 603; x_wconf 87' lang='lat' dir='ltr'>ullam</span> <span class='ocrx_word' id='word_1_52' title='bbox 1391 570 1514 612; x_wconf 89' lang='lat' dir='ltr'>rem,</span> <span class='ocrx_word' id='word_1_53' title='bbox 1549 571 1671 619; x_wconf 89' lang='lat' dir='ltr'>quae</span> <span class='ocrx_word' id='word_1_54' title='bbox 1698 571 1756 603; x_wconf 92' lang='lat' dir='ltr'>eo</span> <span class='ocrx_word' id='word_1_55' title='bbox 1783 554 2041 619; x_wconf 82' lang='lat' dir='ltr'>pertineat,</span> 
     </span>
     <span class='ocr_line' id='line_1_10' title="bbox 276 625 2043 677; baseline -0.002 -2"><span class='ocrx_word' id='word_1_56' title='bbox 276 626 700 675; x_wconf 85' lang='lat' dir='ltr'>contemnendam.</span> <span class='ocrx_word' id='word_1_57' title='bbox 758 625 964 673; x_wconf 79' lang='lat' dir='ltr'>invitum</span> <span class='ocrx_word' id='word_1_58' title='bbox 994 640 1045 673; x_wconf 89' lang='lat' dir='ltr'>se</span> <span class='ocrx_word' id='word_1_59' title='bbox 1072 625 1235 674; x_wconf 85' lang='lat' dir='ltr'>dicere</span> <span class='ocrx_word' id='word_1_60' title='bbox 1260 625 1470 673; x_wconf 90' lang='lat' dir='ltr'>hominis</span> <span class='ocrx_word' id='word_1_61' title='bbox 1492 640 1649 677; x_wconf 81' lang='lat' dir='ltr'>causa,</span> <span class='ocrx_word' id='word_1_62' title='bbox 1677 640 1769 674; x_wconf 92' lang='lat' dir='ltr'>nec</span> <span class='ocrx_word' id='word_1_63' title='bbox 1795 625 2043 674; x_wconf 89' lang='lat' dir='ltr'>dicturum</span> 
     </span>
     <span class='ocr_line' id='line_1_11' title="bbox 224 694 2046 758; baseline -0.001 -14"><span class='ocrx_word' id='word_1_64' title='bbox 224 697 249 738; x_wconf 84' lang='grc'>6</span> <span class='ocrx_word' id='word_1_65' title='bbox 280 695 453 754; x_wconf 87' lang='lat' dir='ltr'>fuisse,</span> <span class='ocrx_word' id='word_1_66' title='bbox 481 695 530 743; x_wconf 89' lang='lat' dir='ltr'>ni</span> <span class='ocrx_word' id='word_1_67' title='bbox 552 696 726 744; x_wconf 88' lang='lat' dir='ltr'>caritas</span> <span class='ocrx_word' id='word_1_68' title='bbox 747 696 819 744; x_wconf 88' lang='lat' dir='ltr'>rei</span> <span class='ocrx_word' id='word_1_69' title='bbox 840 694 1063 758; x_wconf 85' lang='lat' dir='ltr'>publicae</span> <span class='ocrx_word' id='word_1_70' title='bbox 1087 696 1326 744; x_wconf 79' lang='lat' dir='ltr'>vinceret:</span> <span class='ocrx_word' id='word_1_71' title='bbox 1356 710 1456 744; x_wconf 89' lang='lat' dir='ltr'>non</span> <span class='ocrx_word' id='word_1_72' title='bbox 1469 695 1668 744; x_wconf 86' lang='lat' dir='ltr'>credere</span> <span class='ocrx_word' id='word_1_73' title='bbox 1688 695 1924 758; x_wconf 89' lang='lat' dir='ltr'>populum</span> <span class='ocrx_word' id='word_1_74' title='bbox 1944 694 2046 742; x_wconf 89' lang='lat' dir='ltr'>Ro-</span> 
     </span>
     <span class='ocr_line' id='line_1_12' title="bbox 279 765 2043 830; baseline -0.001 -16"><span class='ocrx_word' id='word_1_75' title='bbox 279 781 480 815; x_wconf 90' lang='lat' dir='ltr'>manum</span> <span class='ocrx_word' id='word_1_76' title='bbox 502 766 702 814; x_wconf 84' lang='lat' dir='ltr'>solidam</span> <span class='ocrx_word' id='word_1_77' title='bbox 732 766 1007 814; x_wconf 88' lang='lat' dir='ltr'>libertatem</span> <span class='ocrx_word' id='word_1_78' title='bbox 1034 766 1355 830; x_wconf 80' lang='lat' dir='ltr'>reciperatam</span> <span class='ocrx_word' id='word_1_79' title='bbox 1380 781 1511 823; x_wconf 72' lang='lat' dir='ltr'>esse,</span> <span class='ocrx_word' id='word_1_80' title='bbox 1548 765 1735 829; x_wconf 83' lang='lat' dir='ltr'>regium</span> <span class='ocrx_word' id='word_1_81' title='bbox 1763 779 1934 827; x_wconf 86' lang='lat' dir='ltr'>genus,</span> <span class='ocrx_word' id='word_1_82' title='bbox 1962 779 2043 813; x_wconf 88' lang='lat' dir='ltr'>re-</span> 
     </span>
     <span class='ocr_line' id='line_1_13' title="bbox 278 834 2046 900; baseline -0.001 -16"><span class='ocrx_word' id='word_1_83' title='bbox 278 837 408 900; x_wconf 84' lang='lat' dir='ltr'>gium</span> <span class='ocrx_word' id='word_1_84' title='bbox 438 851 622 884; x_wconf 87' lang='lat' dir='ltr'>nomen</span> <span class='ocrx_word' id='word_1_85' title='bbox 650 851 749 884; x_wconf 88' lang='lat' dir='ltr'>non</span> <span class='ocrx_word' id='word_1_86' title='bbox 776 836 936 884; x_wconf 88' lang='lat' dir='ltr'>solum</span> <span class='ocrx_word' id='word_1_87' title='bbox 964 835 1014 883; x_wconf 92' lang='lat' dir='ltr'>in</span> <span class='ocrx_word' id='word_1_88' title='bbox 1043 837 1256 893; x_wconf 86' lang='lat' dir='ltr'>civitate,</span> <span class='ocrx_word' id='word_1_89' title='bbox 1302 835 1387 884; x_wconf 89' lang='lat' dir='ltr'>sed</span> <span class='ocrx_word' id='word_1_90' title='bbox 1417 836 1563 884; x_wconf 89' lang='lat' dir='ltr'>etiam</span> <span class='ocrx_word' id='word_1_91' title='bbox 1589 835 1641 883; x_wconf 92' lang='lat' dir='ltr'>in</span> <span class='ocrx_word' id='word_1_92' title='bbox 1669 834 1876 899; x_wconf 88' lang='lat' dir='ltr'>imperio</span> <span class='ocrx_word' id='word_1_93' title='bbox 1915 849 2046 892; x_wconf 88' lang='lat' dir='ltr'>esse;</span> 
     </span>
     <span class='ocr_line' id='line_1_14' title="bbox 225 905 2044 970; baseline -0.002 -15"><span class='ocrx_word' id='word_1_94' title='bbox 225 908 246 946; x_wconf 81' lang='lat'>7</span> <span class='ocrx_word' id='word_1_95' title='bbox 278 907 325 955; x_wconf 91' lang='lat' dir='ltr'>id</span> <span class='ocrx_word' id='word_1_96' title='bbox 355 907 564 961; x_wconf 84' lang='lat' dir='ltr'>officere,</span> <span class='ocrx_word' id='word_1_97' title='bbox 594 906 638 953; x_wconf 87' lang='lat' dir='ltr'>id</span> <span class='ocrx_word' id='word_1_98' title='bbox 668 905 860 954; x_wconf 88' lang='lat' dir='ltr'>obstare</span> <span class='ocrx_word' id='word_1_99' title='bbox 887 905 1112 955; x_wconf 83' lang='lat' dir='ltr'>libertati.</span> <span class='ocrx_word' id='word_1_100' title='bbox 1154 906 1317 963; x_wconf 79' lang='lat' dir='ltr'>„hunc</span> <span class='ocrx_word' id='word_1_101' title='bbox 1343 911 1429 954; x_wconf 76' lang='lat' dir='ltr'>tu“</span> <span class='ocrx_word' id='word_1_102' title='bbox 1458 905 1620 970; x_wconf 91' lang='lat' dir='ltr'>inquit</span> <span class='ocrx_word' id='word_1_103' title='bbox 1641 911 1756 963; x_wconf 80' lang='lat' dir='ltr'>„tua</span> <span class='ocrx_word' id='word_1_104' title='bbox 1778 905 2044 961; x_wconf 81' lang='lat' dir='ltr'>voluntate,</span> 
     </span>
     <span class='ocr_line' id='line_1_15' title="bbox 278 975 2044 1039; baseline 0.002 -16"><span class='ocrx_word' id='word_1_105' title='bbox 278 976 330 1024; x_wconf 95' lang='lat' dir='ltr'>L.</span> <span class='ocrx_word' id='word_1_106' title='bbox 345 976 593 1039; x_wconf 85' lang='lat' dir='ltr'>Tarquini,</span> <span class='ocrx_word' id='word_1_107' title='bbox 622 991 818 1024; x_wconf 84' lang='lat' dir='ltr'>remove</span> <span class='ocrx_word' id='word_1_108' title='bbox 835 983 1038 1024; x_wconf 90' lang='lat' dir='ltr'>metum.</span> <span class='ocrx_word' id='word_1_109' title='bbox 1077 976 1413 1033; x_wconf 84' lang='lat' dir='ltr'>meminimus,</span> <span class='ocrx_word' id='word_1_110' title='bbox 1434 976 1661 1032; x_wconf 87' lang='lat' dir='ltr'>fatemur,</span> <span class='ocrx_word' id='word_1_111' title='bbox 1684 975 1866 1024; x_wconf 90' lang='lat' dir='ltr'>eiecisti</span> <span class='ocrx_word' id='word_1_112' title='bbox 1881 989 2044 1038; x_wconf 83' lang='lat' dir='ltr'>reges:</span> 
     </span>
     <span class='ocr_line' id='line_1_16' title="bbox 274 1043 2046 1110; baseline -0.002 -15"><span class='ocrx_word' id='word_1_113' title='bbox 274 1047 469 1095; x_wconf 80' lang='lat' dir='ltr'>absolve</span> <span class='ocrx_word' id='word_1_114' title='bbox 485 1046 777 1094; x_wconf 80' lang='lat' dir='ltr'>beneficium</span> <span class='ocrx_word' id='word_1_115' title='bbox 796 1054 950 1101; x_wconf 89' lang='lat' dir='ltr'>tuum,</span> <span class='ocrx_word' id='word_1_116' title='bbox 978 1050 1112 1095; x_wconf 84' lang='lat' dir='ltr'>aufer</span> <span class='ocrx_word' id='word_1_117' title='bbox 1136 1047 1252 1095; x_wconf 88' lang='lat' dir='ltr'>hinc</span> <span class='ocrx_word' id='word_1_118' title='bbox 1275 1046 1464 1110; x_wconf 79' lang='lat' dir='ltr'>regium</span> <span class='ocrx_word' id='word_1_119' title='bbox 1494 1061 1694 1095; x_wconf 91' lang='lat' dir='ltr'>nomen.</span> <span class='ocrx_word' id='word_1_120' title='bbox 1721 1060 1800 1094; x_wconf 91' lang='lat' dir='ltr'>res</span> <span class='ocrx_word' id='word_1_121' title='bbox 1826 1052 1940 1094; x_wconf 88' lang='lat' dir='ltr'>tuas</span> <span class='ocrx_word' id='word_1_122' title='bbox 1958 1043 2046 1093; x_wconf 91' lang='lat' dir='ltr'>tibi</span> 
     </span>
     <span class='ocr_line' id='line_1_17' title="bbox 277 1115 2044 1181; baseline 0 -18"><span class='ocrx_word' id='word_1_123' title='bbox 277 1131 379 1165; x_wconf 88' lang='lat' dir='ltr'>non</span> <span class='ocrx_word' id='word_1_124' title='bbox 406 1118 565 1165; x_wconf 89' lang='lat' dir='ltr'>solum</span> <span class='ocrx_word' id='word_1_125' title='bbox 593 1117 800 1165; x_wconf 87' lang='lat' dir='ltr'>reddent</span> <span class='ocrx_word' id='word_1_126' title='bbox 822 1117 952 1166; x_wconf 87' lang='lat' dir='ltr'>cives</span> <span class='ocrx_word' id='word_1_127' title='bbox 972 1117 1043 1166; x_wconf 91' lang='lat' dir='ltr'>tui</span> <span class='ocrx_word' id='word_1_128' title='bbox 1065 1125 1264 1166; x_wconf 89' lang='lat' dir='ltr'>auctore</span> <span class='ocrx_word' id='word_1_129' title='bbox 1293 1133 1388 1174; x_wconf 85' lang='lat' dir='ltr'>me,</span> <span class='ocrx_word' id='word_1_130' title='bbox 1418 1117 1521 1175; x_wconf 88' lang='lat' dir='ltr'>sed,</span> <span class='ocrx_word' id='word_1_131' title='bbox 1548 1117 1587 1165; x_wconf 88' lang='lat' dir='ltr'>si</span> <span class='ocrx_word' id='word_1_132' title='bbox 1609 1116 1724 1181; x_wconf 87' lang='lat' dir='ltr'>quid</span> <span class='ocrx_word' id='word_1_133' title='bbox 1752 1115 1904 1173; x_wconf 89' lang='lat' dir='ltr'>deest,</span> <span class='ocrx_word' id='word_1_134' title='bbox 1932 1130 2044 1163; x_wconf 89' lang='lat' dir='ltr'>mu-</span> 
     </span>
    </p>
   </div>
   <div class='ocr_carea' id='block_1_6' title="bbox 272 1186 723 1250">
    <p class='ocr_par' dir='ltr' id='par_1_6' title="bbox 272 1186 723 1250">
     <span class='ocr_line' id='line_1_18' title="bbox 272 1186 723 1250; baseline 0 -17"><span class='ocrx_word' id='word_1_135' title='bbox 272 1186 414 1235; x_wconf 87' lang='lat' dir='ltr'>nifice</span> <span class='ocrx_word' id='word_1_136' title='bbox 459 1187 723 1250; x_wconf 85' lang='lat' dir='ltr'>augebunt.</span> 
     </span>
    </p>
   </div>
   <div class='ocr_carea' id='block_1_7' title="bbox 794 1185 2045 1243">
    <p class='ocr_par' dir='ltr' id='par_1_7' title="bbox 794 1185 2045 1243">
     <span class='ocr_line' id='line_1_19' title="bbox 794 1185 2045 1243; baseline -0.003 -7"><span class='ocrx_word' id='word_1_137' title='bbox 794 1187 979 1236; x_wconf 90' lang='lat' dir='ltr'>amicus</span> <span class='ocrx_word' id='word_1_138' title='bbox 1018 1188 1120 1243; x_wconf 77' lang='lat' dir='ltr'>abi3</span> <span class='ocrx_word' id='word_1_139' title='bbox 1161 1203 1371 1237; x_wconf 82' lang='lat' dir='ltr'>exonera</span> <span class='ocrx_word' id='word_1_140' title='bbox 1416 1187 1659 1236; x_wconf 83' lang='lat' dir='ltr'>civitatem</span> <span class='ocrx_word' id='word_1_141' title='bbox 1687 1202 1811 1235; x_wconf 87' lang='lat' dir='ltr'>vano</span> <span class='ocrx_word' id='word_1_142' title='bbox 1838 1185 2045 1235; x_wconf 86' lang='lat' dir='ltr'>forsitan</span> 
     </span>
    </p>
   </div>
   <div class='ocr_carea' id='block_1_8' title="bbox 274 1256 2044 1321">
    <p class='ocr_par' dir='ltr' id='par_1_8' title="bbox 274 1256 2044 1321">
     <span class='ocr_line' id='line_1_20' title="bbox 274 1256 2044 1321; baseline -0.001 -16"><span class='ocrx_word' id='word_1_143' title='bbox 274 1265 434 1306; x_wconf 89' lang='lat' dir='ltr'>metu:</span> <span class='ocrx_word' id='word_1_144' title='bbox 480 1257 546 1305; x_wconf 90' lang='lat' dir='ltr'>ita</span> <span class='ocrx_word' id='word_1_145' title='bbox 573 1273 861 1320; x_wconf 89' lang='lat' dir='ltr'>persuasum</span> <span class='ocrx_word' id='word_1_146' title='bbox 889 1265 964 1306; x_wconf 85' lang='lat' dir='ltr'>est</span> <span class='ocrx_word' id='word_1_147' title='bbox 990 1259 1180 1317; x_wconf 89' lang='lat' dir='ltr'>animis,</span> <span class='ocrx_word' id='word_1_148' title='bbox 1227 1274 1338 1307; x_wconf 92' lang='lat' dir='ltr'>cum</span> <span class='ocrx_word' id='word_1_149' title='bbox 1365 1265 1512 1320; x_wconf 86' lang='lat' dir='ltr'>gente</span> <span class='ocrx_word' id='word_1_150' title='bbox 1539 1256 1802 1321; x_wconf 88' lang='lat' dir='ltr'>Tarquinia</span> <span class='ocrx_word' id='word_1_151' title='bbox 1835 1269 2044 1320; x_wconf 86' lang='lat' dir='ltr'>regnum</span> 
     </span>
    </p>
   </div>
   <div class='ocr_carea' id='block_1_9' title="bbox 220 1327 712 1376">
    <p class='ocr_par' dir='ltr' id='par_1_9' title="bbox 220 1327 712 1376">
     <span class='ocr_line' id='line_1_21' title="bbox 220 1327 712 1376; baseline -0.002 -1"><span class='ocrx_word' id='word_1_152' title='bbox 220 1329 244 1369; x_wconf 89' lang='lat'>8</span> <span class='ocrx_word' id='word_1_153' title='bbox 275 1327 389 1376; x_wconf 91' lang='lat' dir='ltr'>hinc</span> <span class='ocrx_word' id='word_1_154' title='bbox 415 1327 712 1376; x_wconf 85' lang='lat' dir='ltr'>abitu1·um.“</span> 
     </span>
    </p>
   </div>
   <div class='ocr_carea' id='block_1_10' title="bbox 788 1325 2044 1392">
    <p class='ocr_par' dir='ltr' id='par_1_10' title="bbox 788 1325 2044 1392">
     <span class='ocr_line' id='line_1_22' title="bbox 788 1325 2044 1392; baseline -0.002 -17"><span class='ocrx_word' id='word_1_155' title='bbox 788 1328 975 1377; x_wconf 83' lang='lat' dir='ltr'>consuli</span> <span class='ocrx_word' id='word_1_156' title='bbox 1005 1329 1161 1392; x_wconf 89' lang='lat' dir='ltr'>primo</span> <span class='ocrx_word' id='word_1_157' title='bbox 1188 1335 1287 1377; x_wconf 89' lang='lat' dir='ltr'>tam</span> <span class='ocrx_word' id='word_1_158' title='bbox 1316 1343 1469 1377; x_wconf 79' lang='lat' dir='ltr'>novae</span> <span class='ocrx_word' id='word_1_159' title='bbox 1492 1328 1564 1376; x_wconf 92' lang='lat' dir='ltr'>rei</span> <span class='ocrx_word' id='word_1_160' title='bbox 1591 1343 1644 1376; x_wconf 87' lang='lat' dir='ltr'>ac</span> <span class='ocrx_word' id='word_1_161' title='bbox 1671 1327 1857 1376; x_wconf 85' lang='lat' dir='ltr'>subitae</span> <span class='ocrx_word' id='word_1_162' title='bbox 1883 1325 2044 1375; x_wconf 91' lang='lat' dir='ltr'>admi-</span> 
     </span>
    </p>
   </div>
   <div class='ocr_carea' id='block_1_11' title="bbox 273 1395 2046 1462">
    <p class='ocr_par' dir='ltr' id='par_1_11' title="bbox 273 1395 2046 1462">
     <span class='ocr_line' id='line_1_23' title="bbox 273 1395 2046 1462; baseline -0.002 -16"><span class='ocrx_word' id='word_1_163' title='bbox 273 1398 399 1447; x_wconf 86' lang='lat' dir='ltr'>ratio</span> <span class='ocrx_word' id='word_1_164' title='bbox 426 1398 691 1446; x_wconf 83' lang='lat' dir='ltr'>incluserat</span> <span class='ocrx_word' id='word_1_165' title='bbox 718 1414 910 1454; x_wconf 74' lang='lat' dir='ltr'>vocem3</span> <span class='ocrx_word' id='word_1_166' title='bbox 940 1399 1101 1447; x_wconf 89' lang='lat' dir='ltr'>dicere</span> <span class='ocrx_word' id='word_1_167' title='bbox 1128 1399 1304 1447; x_wconf 91' lang='lat' dir='ltr'>deinde</span> <span class='ocrx_word' id='word_1_168' title='bbox 1327 1398 1642 1462; x_wconf 80' lang='lat' dir='ltr'>incipientem</span> <span class='ocrx_word' id='word_1_169' title='bbox 1667 1397 1906 1461; x_wconf 79' lang='lat' dir='ltr'>primores</span> <span class='ocrx_word' id='word_1_170' title='bbox 1928 1395 2046 1445; x_wconf 88' lang='lat' dir='ltr'>civi-</span> 
     </span>
    </p>
   </div>
   <div class='ocr_carea' id='block_1_12' title="bbox 275 1468 1624 1533">
    <p class='ocr_par' dir='ltr' id='par_1_12' title="bbox 275 1468 1624 1533">
     <span class='ocr_line' id='line_1_24' title="bbox 275 1468 1624 1533; baseline -0.001 -17"><span class='ocrx_word' id='word_1_171' title='bbox 275 1469 386 1516; x_wconf 87' lang='lat' dir='ltr'>tatis</span> <span class='ocrx_word' id='word_1_172' title='bbox 413 1468 798 1522; x_wconf 86' lang='lat' dir='ltr'>circumsistunt,</span> <span class='ocrx_word' id='word_1_173' title='bbox 821 1469 989 1518; x_wconf 89' lang='lat' dir='ltr'>cadem</span> <span class='ocrx_word' id='word_1_174' title='bbox 1020 1470 1186 1518; x_wconf 89' lang='lat' dir='ltr'>multis</span> <span class='ocrx_word' id='word_1_175' title='bbox 1215 1469 1440 1533; x_wconf 85' lang='lat' dir='ltr'>precibus</span> <span class='ocrx_word' id='word_1_176' title='bbox 1468 1475 1624 1517; x_wconf 90' lang='lat' dir='ltr'>orant.</span> 
     </span>
    </p>
   </div>
   <div class='ocr_carea' id='block_1_13' title="bbox 1690 1465 2046 1530">
    <p class='ocr_par' dir='ltr' id='par_1_13' title="bbox 1690 1465 2046 1530">
     <span class='ocr_line' id='line_1_25' title="bbox 1690 1465 2046 1530; baseline -0.008 -14"><span class='ocrx_word' id='word_1_177' title='bbox 1690 1474 1738 1516; x_wconf 92' lang='lat' dir='ltr'>et</span> <span class='ocrx_word' id='word_1_178' title='bbox 1764 1466 1914 1515; x_wconf 89' lang='lat' dir='ltr'>ceteri</span> <span class='ocrx_word' id='word_1_179' title='bbox 1934 1465 2046 1530; x_wconf 91' lang='lat' dir='ltr'>qui-</span> 
     </span>
    </p>
   </div>
   <div class='ocr_carea' id='block_1_14' title="bbox 225 1537 2047 1674">
    <p class='ocr_par' dir='ltr' id='par_1_14' title="bbox 225 1537 2047 1674">
     <span class='ocr_line' id='line_1_26' title="bbox 225 1537 2047 1603; baseline 0 -17"><span class='ocrx_word' id='word_1_180' title='bbox 225 1539 249 1578; x_wconf 87' lang='lat'>9</span> <span class='ocrx_word' id='word_1_181' title='bbox 281 1538 393 1586; x_wconf 90' lang='lat' dir='ltr'>dem</span> <span class='ocrx_word' id='word_1_182' title='bbox 423 1538 685 1586; x_wconf 76' lang='lat' dir='ltr'>movebant</span> <span class='ocrx_word' id='word_1_183' title='bbox 707 1539 894 1595; x_wconf 75' lang='lat' dir='ltr'>minus3</span> <span class='ocrx_word' id='word_1_184' title='bbox 922 1546 1184 1603; x_wconf 86' lang='lat' dir='ltr'>postquam</span> <span class='ocrx_word' id='word_1_185' title='bbox 1214 1540 1295 1602; x_wconf 90' lang='lat' dir='ltr'>Sp.</span> <span class='ocrx_word' id='word_1_186' title='bbox 1324 1538 1595 1596; x_wconf 86' lang='lat' dir='ltr'>Lucretius,</span> <span class='ocrx_word' id='word_1_187' title='bbox 1624 1537 1781 1586; x_wconf 86' lang='lat' dir='ltr'>maior</span> <span class='ocrx_word' id='word_1_188' title='bbox 1807 1543 1964 1586; x_wconf 89' lang='lat' dir='ltr'>aetate</span> <span class='ocrx_word' id='word_1_189' title='bbox 1991 1550 2047 1586; x_wconf 90' lang='lat' dir='ltr'>ac</span> 
     </span>
     <span class='ocr_line' id='line_1_27' title="bbox 279 1607 2045 1674; baseline -0.001 -18"><span class='ocrx_word' id='word_1_190' title='bbox 279 1608 533 1672; x_wconf 87' lang='lat' dir='ltr'>dignitate,</span> <span class='ocrx_word' id='word_1_191' title='bbox 564 1624 704 1657; x_wconf 88' lang='lat' dir='ltr'>socer</span> <span class='ocrx_word' id='word_1_192' title='bbox 729 1617 978 1673; x_wconf 88' lang='lat' dir='ltr'>praeterea</span> <span class='ocrx_word' id='word_1_193' title='bbox 1000 1610 1167 1673; x_wconf 83' lang='lat' dir='ltr'>ipsiuS,</span> <span class='ocrx_word' id='word_1_194' title='bbox 1196 1625 1337 1674; x_wconf 86' lang='lat' dir='ltr'>agere</span> <span class='ocrx_word' id='word_1_195' title='bbox 1350 1610 1478 1658; x_wconf 83' lang='lat' dir='ltr'>varie</span> <span class='ocrx_word' id='word_1_196' title='bbox 1490 1609 1705 1672; x_wconf 81' lang='lat' dir='ltr'>rogando</span> <span class='ocrx_word' id='word_1_197' title='bbox 1717 1607 1919 1656; x_wconf 87' lang='lat' dir='ltr'>alternis</span> <span class='ocrx_word' id='word_1_198' title='bbox 1932 1621 2045 1656; x_wconf 87' lang='lat' dir='ltr'>sua-</span> 
     </span>
    </p>
   </div>
   <div class='ocr_carea' id='block_1_15' title="bbox 267 1707 1112 3219">
    <p class='ocr_par' dir='ltr' id='par_1_15' title="bbox 267 1707 1112 2817">
     <span class='ocr_line' id='line_1_28' title="bbox 269 1707 1106 1761; baseline 0 -14"><span class='ocrx_word' id='word_1_199' title='bbox 269 1707 331 1747; x_wconf 84' lang='lat' dir='ltr'>als</span> <span class='ocrx_word' id='word_1_200' title='bbox 361 1720 407 1746; x_wconf 85' lang='lat' dir='ltr'>so</span> <span class='ocrx_word' id='word_1_201' title='bbox 438 1721 478 1746; x_wconf 94' lang='lat' dir='ltr'>u.</span> <span class='ocrx_word' id='word_1_202' title='bbox 502 1720 536 1747; x_wconf 88' lang='lat' dir='ltr'>s.</span> <span class='ocrx_word' id='word_1_203' title='bbox 560 1720 610 1746; x_wconf 79' lang='lat' dir='ltr'>w,</span> <span class='ocrx_word' id='word_1_204' title='bbox 652 1731 704 1735; x_wconf 93' lang='lat'>——</span> <span class='ocrx_word' id='word_1_205' title='bbox 746 1711 904 1761; x_wconf 60' lang='lat' dir='ltr'>tempt„</span> <span class='ocrx_word' id='word_1_206' title='bbox 940 1711 975 1757; x_wconf 93' lang='lat'>1,</span> <span class='ocrx_word' id='word_1_207' title='bbox 1009 1709 1046 1758; x_wconf 79' lang='lat' dir='ltr'>S,</span> <span class='ocrx_word' id='word_1_208' title='bbox 1070 1710 1106 1748; x_wconf 86' lang='lat'>5.</span> 
     </span>
     <span class='ocr_line' id='line_1_29' title="bbox 269 1762 1112 1815; baseline 0.004 -14"><span class='ocrx_word' id='word_1_209' title='bbox 269 1787 321 1792; x_wconf 90' lang='lat'>—</span> <span class='ocrx_word' id='word_1_210' title='bbox 343 1766 514 1811; x_wconf 60' lang='lat' dir='ltr'>sensim,</span> <span class='ocrx_word' id='word_1_211' title='bbox 532 1762 747 1814; x_wconf 83' lang='lat' dir='ltr'>merklich,</span> <span class='ocrx_word' id='word_1_212' title='bbox 761 1764 912 1815; x_wconf 72' lang='lat' dir='ltr'>Jedoeh</span> <span class='ocrx_word' id='word_1_213' title='bbox 927 1764 1031 1805; x_wconf 90' lang='lat' dir='ltr'>ohne</span> <span class='ocrx_word' id='word_1_214' title='bbox 1049 1771 1112 1804; x_wconf 87' lang='lat' dir='ltr'>et—</span> 
     </span>
     <span class='ocr_line' id='line_1_30' title="bbox 270 1819 1110 1870; baseline 0 -12"><span class='ocrx_word' id='word_1_215' title='bbox 270 1832 356 1859; x_wconf 80' lang='lat' dir='ltr'>was</span> <span class='ocrx_word' id='word_1_216' title='bbox 378 1819 670 1859; x_wconf 72' lang='lat' dir='ltr'>Auffallendes</span> <span class='ocrx_word' id='word_1_217' title='bbox 701 1834 753 1859; x_wconf 90' lang='lat' dir='ltr'>zu</span> <span class='ocrx_word' id='word_1_218' title='bbox 775 1822 890 1870; x_wconf 85' lang='lat' dir='ltr'>thun,</span> <span class='ocrx_word' id='word_1_219' title='bbox 926 1833 960 1860; x_wconf 93' lang='lat' dir='ltr'>s.</span> <span class='ocrx_word' id='word_1_220' title='bbox 983 1835 1016 1860; x_wconf 88' lang='lat' dir='ltr'>c.</span> <span class='ocrx_word' id='word_1_221' title='bbox 1043 1822 1110 1870; x_wconf 85' lang='lat'>45,</span> 
     </span>
     <span class='ocr_line' id='line_1_31' title="bbox 274 1876 1111 1927; baseline 0 -11"><span class='ocrx_word' id='word_1_222' title='bbox 274 1876 345 1926; x_wconf 82' lang='lat'>113</span> <span class='ocrx_word' id='word_1_223' title='bbox 367 1877 435 1925; x_wconf 80' lang='lat'>24,</span> <span class='ocrx_word' id='word_1_224' title='bbox 459 1877 525 1925; x_wconf 81' lang='lat'>39,</span> <span class='ocrx_word' id='word_1_225' title='bbox 548 1879 589 1924; x_wconf 75' lang='lat'>33</span> <span class='ocrx_word' id='word_1_226' title='bbox 614 1877 686 1916; x_wconf 85' lang='lat' dir='ltr'>der</span> <span class='ocrx_word' id='word_1_227' title='bbox 708 1876 944 1927; x_wconf 82' lang='lat' dir='ltr'>Gegeusatz</span> <span class='ocrx_word' id='word_1_228' title='bbox 967 1877 1023 1917; x_wconf 89' lang='lat' dir='ltr'>ist</span> <span class='ocrx_word' id='word_1_229' title='bbox 1044 1877 1111 1916; x_wconf 85' lang='lat' dir='ltr'>die</span> 
     </span>
     <span class='ocr_line' id='line_1_32' title="bbox 271 1931 1109 1984; baseline 0.002 -14"><span class='ocrx_word' id='word_1_230' title='bbox 271 1932 508 1972; x_wconf 78' lang='lat' dir='ltr'>iifl&#39;entliche</span> <span class='ocrx_word' id='word_1_231' title='bbox 540 1931 748 1984; x_wconf 85' lang='lat' dir='ltr'>Berufung</span> <span class='ocrx_word' id='word_1_232' title='bbox 781 1934 856 1973; x_wconf 86' lang='lat' dir='ltr'>der</span> <span class='ocrx_word' id='word_1_233' title='bbox 878 1936 1027 1972; x_wconf 77' lang='lat' dir='ltr'>contio.</span> <span class='ocrx_word' id='word_1_234' title='bbox 1058 1957 1109 1962; x_wconf 89' lang='lat'>——-</span> 
     </span>
     <span class='ocr_line' id='line_1_33' title="bbox 267 1988 1110 2038; baseline 0.001 -10"><span class='ocrx_word' id='word_1_235' title='bbox 267 1991 332 2028; x_wconf 82' lang='lat' dir='ltr'>est</span> <span class='ocrx_word' id='word_1_236' title='bbox 353 1988 453 2038; x_wconf 64' lang='lat' dir='ltr'>dat„</span> <span class='ocrx_word' id='word_1_237' title='bbox 478 1989 736 2029; x_wconf 78' lang='lat' dir='ltr'>verbreitete</span> <span class='ocrx_word' id='word_1_238' title='bbox 758 1990 846 2030; x_wconf 81' lang='lat' dir='ltr'>sich</span> <span class='ocrx_word' id='word_1_239' title='bbox 869 2003 945 2028; x_wconf 87' lang='lat' dir='ltr'>von</span> <span class='ocrx_word' id='word_1_240' title='bbox 967 1990 1110 2030; x_wconf 88' lang='lat' dir='ltr'>Einem</span> 
     </span>
     <span class='ocr_line' id='line_1_34' title="bbox 267 2045 1110 2094; baseline 0.004 -11"><span class='ocrx_word' id='word_1_241' title='bbox 267 2057 360 2084; x_wconf 88' lang='lat' dir='ltr'>zum</span> <span class='ocrx_word' id='word_1_242' title='bbox 374 2045 576 2084; x_wconf 76' lang='lat' dir='ltr'>Anderen.</span> <span class='ocrx_word' id='word_1_243' title='bbox 601 2068 653 2074; x_wconf 87' lang='lat'>—-</span> <span class='ocrx_word' id='word_1_244' title='bbox 676 2049 834 2094; x_wconf 74' lang='lat' dir='ltr'>recitat,</span> <span class='ocrx_word' id='word_1_245' title='bbox 859 2059 905 2085; x_wconf 87' lang='lat' dir='ltr'>er</span> <span class='ocrx_word' id='word_1_246' title='bbox 927 2047 1027 2087; x_wconf 86' lang='lat' dir='ltr'>liest</span> <span class='ocrx_word' id='word_1_247' title='bbox 1045 2047 1110 2086; x_wconf 90' lang='lat' dir='ltr'>die</span> 
     </span>
     <span class='ocr_line' id='line_1_35' title="bbox 270 2101 1110 2154; baseline 0.002 -14"><span class='ocrx_word' id='word_1_248' title='bbox 270 2101 430 2140; x_wconf 79' lang='lat' dir='ltr'>bereits</span> <span class='ocrx_word' id='word_1_249' title='bbox 468 2101 766 2142; x_wconf 69' lang='lat' dir='ltr'>beschworvne</span> <span class='ocrx_word' id='word_1_250' title='bbox 804 2103 987 2154; x_wconf 72' lang='lat' dir='ltr'>For-mel,</span> <span class='ocrx_word' id='word_1_251' title='bbox 1030 2104 1110 2142; x_wconf 83' lang='lat' dir='ltr'>wie</span> 
     </span>
     <span class='ocr_line' id='line_1_36' title="bbox 270 2156 1109 2210; baseline 0.002 -14"><span class='ocrx_word' id='word_1_252' title='bbox 270 2156 512 2197; x_wconf 77' lang='lat' dir='ltr'>id—tuend.</span> <span class='ocrx_word' id='word_1_253' title='bbox 537 2171 628 2197; x_wconf 77' lang='lat' dir='ltr'>esse</span> <span class='ocrx_word' id='word_1_254' title='bbox 649 2158 774 2210; x_wconf 81' lang='lat' dir='ltr'>zeigt‚</span> <span class='ocrx_word' id='word_1_255' title='bbox 805 2172 902 2205; x_wconf 81' lang='lat' dir='ltr'>vor3</span> <span class='ocrx_word' id='word_1_256' title='bbox 927 2162 1109 2200; x_wconf 68' lang='lat' dir='ltr'>recitare</span> 
     </span>
     <span class='ocr_line' id='line_1_37' title="bbox 268 2214 1109 2267; baseline 0.002 -15"><span class='ocrx_word' id='word_1_257' title='bbox 268 2214 327 2253; x_wconf 90' lang='lat' dir='ltr'>ist</span> <span class='ocrx_word' id='word_1_258' title='bbox 363 2214 451 2253; x_wconf 87' lang='lat' dir='ltr'>also</span> <span class='ocrx_word' id='word_1_259' title='bbox 493 2228 573 2253; x_wconf 75' lang='lat' dir='ltr'>von</span> <span class='ocrx_word' id='word_1_260' title='bbox 612 2214 782 2266; x_wconf 65' lang='lat' dir='ltr'>adigere</span> <span class='ocrx_word' id='word_1_261' title='bbox 811 2230 844 2255; x_wconf 90' lang='lat' dir='ltr'>c.</span> <span class='ocrx_word' id='word_1_262' title='bbox 890 2216 922 2267; x_wconf 90' lang='lat'>1,</span> <span class='ocrx_word' id='word_1_263' title='bbox 959 2218 983 2255; x_wconf 76' lang='lat'>9</span> <span class='ocrx_word' id='word_1_264' title='bbox 1016 2228 1109 2254; x_wconf 85' lang='lat' dir='ltr'>ver-</span> 
     </span>
     <span class='ocr_line' id='line_1_38' title="bbox 271 2270 1107 2320; baseline 0 -10"><span class='ocrx_word' id='word_1_265' title='bbox 271 2270 481 2320; x_wconf 86' lang='lat' dir='ltr'>schieden,</span> <span class='ocrx_word' id='word_1_266' title='bbox 514 2271 618 2310; x_wconf 77' lang='lat' dir='ltr'>doch</span> <span class='ocrx_word' id='word_1_267' title='bbox 648 2272 704 2311; x_wconf 84' lang='lat' dir='ltr'>ist</span> <span class='ocrx_word' id='word_1_268' title='bbox 732 2286 808 2312; x_wconf 80' lang='lat' dir='ltr'>noc</span> <span class='ocrx_word' id='word_1_269' title='bbox 837 2286 927 2312; x_wconf 81' lang='lat' dir='ltr'>esse</span> <span class='ocrx_word' id='word_1_270' title='bbox 957 2279 1034 2312; x_wconf 88' lang='lat' dir='ltr'>etc.</span> <span class='ocrx_word' id='word_1_271' title='bbox 1068 2272 1107 2311; x_wconf 89' lang='lat' dir='ltr'>in</span> 
     </span>
     <span class='ocr_line' id='line_1_39' title="bbox 269 2325 1111 2369; baseline 0.004 -5"><span class='ocrx_word' id='word_1_272' title='bbox 269 2325 361 2366; x_wconf 82' lang='lat' dir='ltr'>dein</span> <span class='ocrx_word' id='word_1_273' title='bbox 383 2327 479 2365; x_wconf 89' lang='lat' dir='ltr'>dort</span> <span class='ocrx_word' id='word_1_274' title='bbox 500 2340 579 2366; x_wconf 64' lang='lat' dir='ltr'>erxx</span> <span class='ocrx_word' id='word_1_275' title='bbox 593 2328 744 2367; x_wconf 81' lang='lat' dir='ltr'>&#39;ahnten</span> <span class='ocrx_word' id='word_1_276' title='bbox 768 2330 967 2368; x_wconf 75' lang='lat' dir='ltr'>Schwure</span> <span class='ocrx_word' id='word_1_277' title='bbox 999 2329 1111 2369; x_wconf 86' lang='lat' dir='ltr'>nicht</span> 
     </span>
     <span class='ocr_line' id='line_1_40' title="bbox 269 2382 1107 2438; baseline 0.002 -17"><span class='ocrx_word' id='word_1_278' title='bbox 269 2382 480 2422; x_wconf 88' lang='lat' dir='ltr'>bestimmt</span> <span class='ocrx_word' id='word_1_279' title='bbox 501 2384 728 2426; x_wconf 84' lang='lat' dir='ltr'>enthalten.</span> <span class='ocrx_word' id='word_1_280' title='bbox 753 2409 804 2413; x_wconf 89' lang='lat'>———</span> <span class='ocrx_word' id='word_1_281' title='bbox 832 2398 1047 2438; x_wconf 76' lang='lat' dir='ltr'>passuros,</span> <span class='ocrx_word' id='word_1_282' title='bbox 1073 2399 1107 2424; x_wconf 94' lang='lat' dir='ltr'>c.</span> 
     </span>
     <span class='ocr_line' id='line_1_41' title="bbox 276 2439 1111 2493; baseline 0.002 -14"><span class='ocrx_word' id='word_1_283' title='bbox 276 2440 338 2488; x_wconf 78' lang='lat'>14,</span> <span class='ocrx_word' id='word_1_284' title='bbox 363 2439 400 2478; x_wconf 80' lang='lat'>8.</span> <span class='ocrx_word' id='word_1_285' title='bbox 424 2463 475 2467; x_wconf 98' lang='lat'><strong>—</strong></span> <span class='ocrx_word' id='word_1_286' title='bbox 507 2439 614 2478; x_wconf 74' lang='lat' dir='ltr'>uude</span> <span class='ocrx_word' id='word_1_287' title='bbox 642 2459 659 2473; x_wconf 92' lang='lat'>=</span> <span class='ocrx_word' id='word_1_288' title='bbox 687 2454 713 2479; x_wconf 84' lang='lat' dir='ltr'>a</span> <span class='ocrx_word' id='word_1_289' title='bbox 742 2454 833 2493; x_wconf 72' lang='lat' dir='ltr'>qao,</span> <span class='ocrx_word' id='word_1_290' title='bbox 864 2442 1008 2492; x_wconf 77' lang='lat' dir='ltr'>irgend</span> <span class='ocrx_word' id='word_1_291' title='bbox 1041 2442 1111 2480; x_wconf 82' lang='lat' dir='ltr'>Je-</span> 
     </span>
     <span class='ocr_line' id='line_1_42' title="bbox 270 2495 1108 2549; baseline 0.005 -16"><span class='ocrx_word' id='word_1_292' title='bbox 270 2495 404 2543; x_wconf 84' lang='lat' dir='ltr'>mand‚</span> <span class='ocrx_word' id='word_1_293' title='bbox 429 2509 508 2534; x_wconf 79' lang='lat' dir='ltr'>von</span> <span class='ocrx_word' id='word_1_294' title='bbox 532 2497 636 2547; x_wconf 76' lang='lat' dir='ltr'>dem,</span> <span class='ocrx_word' id='word_1_295' title='bbox 664 2499 698 2547; x_wconf 93' lang='lat'>1,</span> <span class='ocrx_word' id='word_1_296' title='bbox 722 2499 789 2549; x_wconf 61' lang='lat'>423,</span> <span class='ocrx_word' id='word_1_297' title='bbox 812 2499 849 2537; x_wconf 83' lang='lat'>5.</span> <span class='ocrx_word' id='word_1_298' title='bbox 873 2521 923 2526; x_wconf 92' lang='lat'>-—</span> <span class='ocrx_word' id='word_1_299' title='bbox 946 2501 992 2536; x_wconf 80' lang='grc' dir='ltr'>ηί</span> <span class='ocrx_word' id='word_1_300' title='bbox 1013 2505 1108 2547; x_wconf 59' lang='lat' dir='ltr'>etc„</span> 
     </span>
     <span class='ocr_line' id='line_1_43' title="bbox 270 2551 1110 2607; baseline 0.004 -18"><span class='ocrx_word' id='word_1_301' title='bbox 270 2551 355 2601; x_wconf 78' lang='lat' dir='ltr'>vgl.</span> <span class='ocrx_word' id='word_1_302' title='bbox 380 2551 482 2590; x_wconf 82' lang='lat' dir='ltr'>Sall.</span> <span class='ocrx_word' id='word_1_303' title='bbox 508 2551 533 2591; x_wconf 90' lang='lat'>1.</span> <span class='ocrx_word' id='word_1_304' title='bbox 566 2553 630 2601; x_wconf 82' lang='lat'>31,</span> <span class='ocrx_word' id='word_1_305' title='bbox 667 2554 700 2592; x_wconf 95' lang='lat'>1.</span> <span class='ocrx_word' id='word_1_306' title='bbox 733 2576 786 2582; x_wconf 89' lang='lat'><strong>—</strong></span> <span class='ocrx_word' id='word_1_307' title='bbox 818 2556 1110 2607; x_wconf 74' lang='lat' dir='ltr'>reciperatam,</span> 
     </span>
     <span class='ocr_line' id='line_1_44' title="bbox 270 2607 1111 2660; baseline 0.006 -15"><span class='ocrx_word' id='word_1_308' title='bbox 270 2607 430 2647; x_wconf 80' lang='lat' dir='ltr'>wieder</span> <span class='ocrx_word' id='word_1_309' title='bbox 450 2621 692 2660; x_wconf 80' lang='lat' dir='ltr'>gewonnen,</span> <span class='ocrx_word' id='word_1_310' title='bbox 714 2610 940 2660; x_wconf 79' lang='lat' dir='ltr'>gleichsam</span> <span class='ocrx_word' id='word_1_311' title='bbox 960 2612 1023 2650; x_wconf 90' lang='lat' dir='ltr'>als</span> <span class='ocrx_word' id='word_1_312' title='bbox 1043 2624 1111 2650; x_wconf 91' lang='lat' dir='ltr'>ur-</span> 
     </span>
     <span class='ocr_line' id='line_1_45' title="bbox 269 2665 1108 2719; baseline 0.005 -17"><span class='ocrx_word' id='word_1_313' title='bbox 269 2665 561 2714; x_wconf 81' lang='lat' dir='ltr'>spriiugliclies</span> <span class='ocrx_word' id='word_1_314' title='bbox 576 2666 836 2716; x_wconf 75' lang='lat' dir='ltr'>Eigeuthuin.</span> <span class='ocrx_word' id='word_1_315' title='bbox 850 2691 901 2695; x_wconf 95' lang='lat'>—</span> <span class='ocrx_word' id='word_1_316' title='bbox 920 2667 1108 2719; x_wconf 79' lang='lat' dir='ltr'>offic-ere,</span> 
     </span>
     <span class='ocr_line' id='line_1_46' title="bbox 268 2720 1110 2772; baseline 0.006 -14"><span class='ocrx_word' id='word_1_317' title='bbox 268 2720 339 2770; x_wconf 77' lang='lat' dir='ltr'>s.§</span> <span class='ocrx_word' id='word_1_318' title='bbox 364 2720 407 2765; x_wconf 80' lang='lat'>2;</span> <span class='ocrx_word' id='word_1_319' title='bbox 433 2720 561 2772; x_wconf 83' lang='lat' dir='ltr'>praef.</span> <span class='ocrx_word' id='word_1_320' title='bbox 586 2724 631 2772; x_wconf 83' lang='lat'>33</span> <span class='ocrx_word' id='word_1_321' title='bbox 656 2724 760 2763; x_wconf 83' lang='lat' dir='ltr'>auch</span> <span class='ocrx_word' id='word_1_322' title='bbox 782 2724 885 2762; x_wconf 90' lang='lat' dir='ltr'>dazu</span> <span class='ocrx_word' id='word_1_323' title='bbox 908 2723 965 2762; x_wconf 69' lang='lat' dir='ltr'>ist</span> <span class='ocrx_word' id='word_1_324' title='bbox 986 2723 1110 2763; x_wconf 73' lang='lat' dir='ltr'>libet·-</span> 
     </span>
     <span class='ocr_line' id='line_1_47' title="bbox 269 2777 626 2817; baseline 0.006 -2"><span class='ocrx_word' id='word_1_325' title='bbox 269 2777 346 2815; x_wconf 77' lang='lat' dir='ltr'>tuti</span> <span class='ocrx_word' id='word_1_326' title='bbox 367 2790 415 2814; x_wconf 91' lang='lat' dir='ltr'>zu</span> <span class='ocrx_word' id='word_1_327' title='bbox 442 2779 626 2817; x_wconf 74' lang='lat' dir='ltr'>nelimeu.</span> 
     </span>
    </p>

    <p class='ocr_par' dir='ltr' id='par_1_16' title="bbox 269 2833 1110 3219">
     <span class='ocr_line' id='line_1_48' title="bbox 330 2833 1107 2888; baseline 0.005 -18"><span class='ocrx_word' id='word_1_328' title='bbox 330 2833 431 2870; x_wconf 62' lang='lat'>7-9.</span> <span class='ocrx_word' id='word_1_329' title='bbox 465 2835 572 2873; x_wconf 73' lang='lat' dir='ltr'>lumc-</span> <span class='ocrx_word' id='word_1_330' title='bbox 594 2838 639 2873; x_wconf 73' lang='lat' dir='ltr'>tn</span> <span class='ocrx_word' id='word_1_331' title='bbox 665 2842 757 2888; x_wconf 56' lang='lat' dir='ltr'>etc„</span> <span class='ocrx_word' id='word_1_332' title='bbox 776 2850 807 2875; x_wconf 92' lang='lat' dir='ltr'>s.</span> <span class='ocrx_word' id='word_1_333' title='bbox 832 2839 867 2886; x_wconf 91' lang='lat'>1,</span> <span class='ocrx_word' id='word_1_334' title='bbox 897 2838 956 2884; x_wconf 84' lang='lat'>13,</span> <span class='ocrx_word' id='word_1_335' title='bbox 981 2837 1024 2875; x_wconf 88' lang='lat'>3:</span> <span class='ocrx_word' id='word_1_336' title='bbox 1048 2838 1107 2886; x_wconf 74' lang='lat' dir='ltr'>si,-</span> 
     </span>
     <span class='ocr_line' id='line_1_49' title="bbox 270 2889 1110 2943; baseline 0.007 -17"><span class='ocrx_word' id='word_1_337' title='bbox 270 2889 420 2927; x_wconf 81' lang='lat' dir='ltr'>anders</span> <span class='ocrx_word' id='word_1_338' title='bbox 445 2890 552 2928; x_wconf 84' lang='lat' dir='ltr'>l’lut.</span> <span class='ocrx_word' id='word_1_339' title='bbox 579 2890 692 2942; x_wconf 82' lang='lat' dir='ltr'>Popl.</span> <span class='ocrx_word' id='word_1_340' title='bbox 718 2906 751 2931; x_wconf 93' lang='lat' dir='ltr'>c.</span> <span class='ocrx_word' id='word_1_341' title='bbox 777 2894 814 2941; x_wconf 87' lang='lat'>3,</span> <span class='ocrx_word' id='word_1_342' title='bbox 838 2894 876 2932; x_wconf 89' lang='grc'>3.</span> <span class='ocrx_word' id='word_1_343' title='bbox 902 2916 953 2921; x_wconf 89' lang='lat'>——</span> <span class='ocrx_word' id='word_1_344' title='bbox 976 2905 1110 2943; x_wconf 72' lang='lat' dir='ltr'>reges,</span> 
     </span>
     <span class='ocr_line' id='line_1_50' title="bbox 270 2945 1105 2998; baseline 0.001 -13"><span class='ocrx_word' id='word_1_345' title='bbox 270 2957 302 2983; x_wconf 89' lang='lat' dir='ltr'>s.</span> <span class='ocrx_word' id='word_1_346' title='bbox 333 2947 368 2995; x_wconf 92' lang='lat'>1,</span> <span class='ocrx_word' id='word_1_347' title='bbox 400 2945 467 2993; x_wconf 67' lang='lat'>39,</span> <span class='ocrx_word' id='word_1_348' title='bbox 499 2948 535 2986; x_wconf 79' lang='lat'>2.</span> <span class='ocrx_word' id='word_1_349' title='bbox 567 2969 618 2974; x_wconf 89' lang='lat'>—</span> <span class='ocrx_word' id='word_1_350' title='bbox 655 2948 837 2998; x_wconf 68' lang='lat' dir='ltr'>reddent,</span> <span class='ocrx_word' id='word_1_351' title='bbox 866 2948 1105 2988; x_wconf 82' lang='lat' dir='ltr'>ausliefern.</span> 
     </span>
     <span class='ocr_line' id='line_1_51' title="bbox 271 3001 1110 3056; baseline 0.008 -18"><span class='ocrx_word' id='word_1_352' title='bbox 271 3023 322 3028; x_wconf 89' lang='lat'>—</span> <span class='ocrx_word' id='word_1_353' title='bbox 352 3014 430 3039; x_wconf 78' lang='lat' dir='ltr'>uon</span> <span class='ocrx_word' id='word_1_354' title='bbox 454 3001 525 3040; x_wconf 76' lang='lat' dir='ltr'>sol.</span> <span class='ocrx_word' id='word_1_355' title='bbox 548 3028 575 3031; x_wconf 89' lang='lat'>--</span> <span class='ocrx_word' id='word_1_356' title='bbox 604 3003 684 3044; x_wconf 73' lang='lat' dir='ltr'>sed.</span> <span class='ocrx_word' id='word_1_357' title='bbox 723 3008 756 3054; x_wconf 91' lang='lat' dir='ltr'>l,</span> <span class='ocrx_word' id='word_1_358' title='bbox 794 3006 854 3044; x_wconf 80' lang='lat'>10.</span> <span class='ocrx_word' id='word_1_359' title='bbox 892 3008 924 3056; x_wconf 88' lang='lat'>1,</span> <span class='ocrx_word' id='word_1_360' title='bbox 958 3005 1110 3045; x_wconf 75' lang='lat' dir='ltr'>voi-her</span> 
     </span>
     <span class='ocr_line' id='line_1_52' title="bbox 272 3056 1109 3109; baseline 0.008 -15"><span class='ocrx_word' id='word_1_361' title='bbox 272 3056 297 3107; x_wconf 63' lang='grc' dir='ltr'><strong><em>ξ</em></strong></span> <span class='ocrx_word' id='word_1_362' title='bbox 320 3057 364 3095; x_wconf 85' lang='lat'>6:</span> <span class='ocrx_word' id='word_1_363' title='bbox 395 3070 475 3096; x_wconf 78' lang='lat' dir='ltr'>non</span> <span class='ocrx_word' id='word_1_364' title='bbox 505 3059 580 3097; x_wconf 57' lang='lat' dir='ltr'>sol.</span> <span class='ocrx_word' id='word_1_365' title='bbox 612 3083 633 3086; x_wconf 96' lang='lat'><strong>—</strong></span> <span class='ocrx_word' id='word_1_366' title='bbox 661 3060 733 3098; x_wconf 79' lang='lat' dir='ltr'>sed</span> <span class='ocrx_word' id='word_1_367' title='bbox 767 3064 910 3109; x_wconf 76' lang='lat' dir='ltr'>ele&#39;um,</span> <span class='ocrx_word' id='word_1_368' title='bbox 942 3074 1004 3098; x_wconf 81' lang='lat' dir='ltr'>wo</span> <span class='ocrx_word' id='word_1_369' title='bbox 1036 3061 1109 3101; x_wconf 87' lang='lat' dir='ltr'>das</span> 
     </span>
     <span class='ocr_line' id='line_1_53' title="bbox 273 3112 1109 3156; baseline 0.005 -6"><span class='ocrx_word' id='word_1_370' title='bbox 273 3112 437 3153; x_wconf 78' lang='lat' dir='ltr'>Zweite</span> <span class='ocrx_word' id='word_1_371' title='bbox 489 3116 561 3154; x_wconf 84' lang='lat' dir='ltr'>das</span> <span class='ocrx_word' id='word_1_372' title='bbox 615 3116 737 3155; x_wconf 68' lang='lat' dir='ltr'>lii-ste</span> <span class='ocrx_word' id='word_1_373' title='bbox 790 3117 1012 3156; x_wconf 76' lang='lat' dir='ltr'>vermelirt.</span> <span class='ocrx_word' id='word_1_374' title='bbox 1058 3141 1109 3145; x_wconf 93' lang='lat'>—-</span> 
     </span>
     <span class='ocr_line' id='line_1_54' title="bbox 269 3167 1110 3219; baseline 0.007 -13"><span class='ocrx_word' id='word_1_375' title='bbox 269 3167 392 3219; x_wconf 75' lang='lat' dir='ltr'>deest,</span> <span class='ocrx_word' id='word_1_376' title='bbox 413 3183 531 3210; x_wconf 78' lang='lat' dir='ltr'>weun</span> <span class='ocrx_word' id='word_1_377' title='bbox 550 3185 593 3211; x_wconf 80' lang='lat' dir='ltr'>es</span> <span class='ocrx_word' id='word_1_378' title='bbox 618 3173 726 3212; x_wconf 84' lang='lat' dir='ltr'>nicht</span> <span class='ocrx_word' id='word_1_379' title='bbox 750 3173 977 3219; x_wconf 82' lang='lat' dir='ltr'>ausreicht,</span> <span class='ocrx_word' id='word_1_380' title='bbox 1002 3186 1015 3209; x_wconf 67' lang='lat' dir='ltr'>x</span> <span class='ocrx_word' id='word_1_381' title='bbox 1031 3173 1110 3212; x_wconf 77' lang='lat' dir='ltr'>iel-</span> 
     </span>
    </p>
   </div>
   <div class='ocr_carea' id='block_1_16' title="bbox 1198 1708 2047 3216">
    <p class='ocr_par' dir='ltr' id='par_1_17' title="bbox 1198 1708 2047 3216">
     <span class='ocr_line' id='line_1_55' title="bbox 1203 1708 2044 1760; baseline -0.001 -11"><span class='ocrx_word' id='word_1_382' title='bbox 1203 1710 1335 1749; x_wconf 87' lang='lat' dir='ltr'>leicht</span> <span class='ocrx_word' id='word_1_383' title='bbox 1371 1710 1413 1749; x_wconf 90' lang='lat' dir='ltr'>in</span> <span class='ocrx_word' id='word_1_384' title='bbox 1451 1709 1686 1760; x_wconf 87' lang='lat' dir='ltr'>Beziehuug</span> <span class='ocrx_word' id='word_1_385' title='bbox 1714 1708 1790 1749; x_wconf 82' lang='lat' dir='ltr'>auf</span> <span class='ocrx_word' id='word_1_386' title='bbox 1814 1709 1930 1749; x_wconf 88' lang='lat' dir='ltr'>seine</span> <span class='ocrx_word' id='word_1_387' title='bbox 1959 1710 2044 1748; x_wconf 80' lang='lat' dir='ltr'>Ab·</span> 
     </span>
     <span class='ocr_line' id='line_1_56' title="bbox 1203 1765 2045 1816; baseline 0.002 -12"><span class='ocrx_word' id='word_1_388' title='bbox 1203 1771 1434 1816; x_wconf 83' lang='lat' dir='ltr'>stammung</span> <span class='ocrx_word' id='word_1_389' title='bbox 1456 1779 1535 1805; x_wconf 90' lang='lat' dir='ltr'>von</span> <span class='ocrx_word' id='word_1_390' title='bbox 1548 1765 1802 1816; x_wconf 81' lang='lat' dir='ltr'>Ege1·ius.—</span> <span class='ocrx_word' id='word_1_391' title='bbox 1814 1767 1935 1815; x_wconf 77' lang='lat' dir='ltr'>cives,</span> <span class='ocrx_word' id='word_1_392' title='bbox 1946 1766 2045 1806; x_wconf 82' lang='lat' dir='ltr'>Mit-</span> 
     </span>
     <span class='ocr_line' id='line_1_57' title="bbox 1204 1820 2045 1873; baseline 0.002 -13"><span class='ocrx_word' id='word_1_393' title='bbox 1204 1822 1371 1872; x_wconf 82' lang='lat' dir='ltr'>biirger,</span> <span class='ocrx_word' id='word_1_394' title='bbox 1394 1823 1472 1861; x_wconf 81' lang='lat' dir='ltr'>wie</span> <span class='ocrx_word' id='word_1_395' title='bbox 1495 1820 1568 1861; x_wconf 82' lang='lat' dir='ltr'>ost.</span> <span class='ocrx_word' id='word_1_396' title='bbox 1586 1845 1638 1850; x_wconf 92' lang='lat'>—</span> <span class='ocrx_word' id='word_1_397' title='bbox 1657 1822 1863 1873; x_wconf 79' lang='lat' dir='ltr'>forsitan,</span> <span class='ocrx_word' id='word_1_398' title='bbox 1882 1823 2045 1863; x_wconf 86' lang='lat' dir='ltr'>blosses</span> 
     </span>
     <span class='ocr_line' id='line_1_58' title="bbox 1205 1876 2044 1930; baseline 0.001 -12"><span class='ocrx_word' id='word_1_399' title='bbox 1205 1878 1473 1928; x_wconf 75' lang='lat' dir='ltr'>Adverbiuin,</span> <span class='ocrx_word' id='word_1_400' title='bbox 1503 1893 1534 1917; x_wconf 87' lang='lat' dir='ltr'>s.</span> <span class='ocrx_word' id='word_1_401' title='bbox 1569 1877 1697 1930; x_wconf 79' lang='lat' dir='ltr'>praef.</span> <span class='ocrx_word' id='word_1_402' title='bbox 1725 1876 1750 1929; x_wconf 63' lang='grc' dir='ltr'><strong>ξ</strong></span> <span class='ocrx_word' id='word_1_403' title='bbox 1786 1878 1848 1919; x_wconf 88' lang='grc'>12.</span> <span class='ocrx_word' id='word_1_404' title='bbox 1873 1901 1927 1907; x_wconf 89' lang='grc'><strong>-</strong></span> <span class='ocrx_word' id='word_1_405' title='bbox 1947 1891 2044 1919; x_wconf 77' lang='lat' dir='ltr'>cum</span> 
     </span>
     <span class='ocr_line' id='line_1_59' title="bbox 1198 1932 2043 1987; baseline 0.004 -15"><span class='ocrx_word' id='word_1_406' title='bbox 1198 1948 1243 1987; x_wconf 79' lang='lat' dir='ltr'>g.</span> <span class='ocrx_word' id='word_1_407' title='bbox 1282 1932 1341 1984; x_wconf 90' lang='lat' dir='ltr'>T.‚</span> <span class='ocrx_word' id='word_1_408' title='bbox 1371 1941 1460 1974; x_wconf 87' lang='lat' dir='ltr'>erst</span> <span class='ocrx_word' id='word_1_409' title='bbox 1488 1935 1562 1974; x_wconf 86' lang='lat' dir='ltr'>mit</span> <span class='ocrx_word' id='word_1_410' title='bbox 1594 1948 1630 1973; x_wconf 92' lang='lat' dir='ltr'>u.</span> <span class='ocrx_word' id='word_1_411' title='bbox 1665 1947 1695 1973; x_wconf 93' lang='lat' dir='ltr'>s.</span> <span class='ocrx_word' id='word_1_412' title='bbox 1729 1946 1798 1985; x_wconf 90' lang='lat' dir='ltr'>w.,</span> <span class='ocrx_word' id='word_1_413' title='bbox 1834 1935 1918 1984; x_wconf 84' lang='lat' dir='ltr'>vgl.</span> <span class='ocrx_word' id='word_1_414' title='bbox 1947 1933 1986 1987; x_wconf 62' lang='grc' dir='ltr'>ξ.</span> <span class='ocrx_word' id='word_1_415' title='bbox 2018 1936 2043 1975; x_wconf 85' lang='grc'>6</span> 
     </span>
     <span class='ocr_line' id='line_1_60' title="bbox 1201 1990 2045 2043; baseline 0 -12"><span class='ocrx_word' id='word_1_416' title='bbox 1201 1993 1370 2042; x_wconf 73' lang='lat' dir='ltr'>reg-ium</span> <span class='ocrx_word' id='word_1_417' title='bbox 1403 2004 1570 2043; x_wconf 78' lang='lat' dir='ltr'>genus,</span> <span class='ocrx_word' id='word_1_418' title='bbox 1614 1992 1689 2030; x_wconf 86' lang='lat' dir='ltr'>das</span> <span class='ocrx_word' id='word_1_419' title='bbox 1740 1990 2045 2043; x_wconf 84' lang='lat' dir='ltr'>Herrscherge-</span> 
     </span>
     <span class='ocr_line' id='line_1_61' title="bbox 1203 2046 2045 2097; baseline 0 -10"><span class='ocrx_word' id='word_1_420' title='bbox 1203 2048 1403 2087; x_wconf 87' lang='lat' dir='ltr'>schleeht.</span> <span class='ocrx_word' id='word_1_421' title='bbox 1446 2071 1499 2076; x_wconf 97' lang='lat'>—</span> <span class='ocrx_word' id='word_1_422' title='bbox 1539 2046 1791 2097; x_wconf 69' lang='lat' dir='ltr'>admiratio,</span> <span class='ocrx_word' id='word_1_423' title='bbox 1829 2047 1897 2087; x_wconf 89' lang='lat' dir='ltr'>die</span> <span class='ocrx_word' id='word_1_424' title='bbox 1939 2047 2045 2088; x_wconf 86' lang='lat' dir='ltr'>Ver·</span> 
     </span>
     <span class='ocr_line' id='line_1_62' title="bbox 1203 2103 2043 2155; baseline 0.001 -13"><span class='ocrx_word' id='word_1_425' title='bbox 1203 2103 1464 2155; x_wconf 80' lang='lat' dir='ltr'>wunderung</span> <span class='ocrx_word' id='word_1_426' title='bbox 1511 2104 1614 2143; x_wconf 86' lang='lat' dir='ltr'>iiber</span> <span class='ocrx_word' id='word_1_427' title='bbox 1653 2104 1720 2143; x_wconf 92' lang='lat' dir='ltr'>die</span> <span class='ocrx_word' id='word_1_428' title='bbox 1763 2104 2043 2155; x_wconf 79' lang='lat' dir='ltr'>Zuinuthung.</span> 
     </span>
     <span class='ocr_line' id='line_1_63' title="bbox 1203 2160 2042 2214; baseline 0.002 -17"><span class='ocrx_word' id='word_1_429' title='bbox 1203 2183 1256 2188; x_wconf 93' lang='lat'>—</span> <span class='ocrx_word' id='word_1_430' title='bbox 1280 2160 1441 2207; x_wconf 61' lang='lat' dir='ltr'>iuclus„</span> <span class='ocrx_word' id='word_1_431' title='bbox 1474 2162 1541 2210; x_wconf 84' lang='lat'>21,</span> <span class='ocrx_word' id='word_1_432' title='bbox 1572 2161 1639 2210; x_wconf 80' lang='lat'>58,</span> <span class='ocrx_word' id='word_1_433' title='bbox 1670 2162 1714 2200; x_wconf 81' lang='lat'>4:</span> <span class='ocrx_word' id='word_1_434' title='bbox 1755 2161 1950 2214; x_wconf 79' lang='lat' dir='ltr'>spiritum</span> <span class='ocrx_word' id='word_1_435' title='bbox 1979 2162 2042 2199; x_wconf 80' lang='lat' dir='ltr'>in—</span> 
     </span>
     <span class='ocr_line' id='line_1_64' title="bbox 1204 2214 2045 2265; baseline 0.001 -10"><span class='ocrx_word' id='word_1_436' title='bbox 1204 2215 1386 2265; x_wconf 69' lang='lat' dir='ltr'>cludere,</span> <span class='ocrx_word' id='word_1_437' title='bbox 1417 2217 1502 2256; x_wconf 91' lang='lat' dir='ltr'>Cic.</span> <span class='ocrx_word' id='word_1_438' title='bbox 1534 2216 1633 2256; x_wconf 86' lang='lat' dir='ltr'>Rab.</span> <span class='ocrx_word' id='word_1_439' title='bbox 1667 2216 1780 2256; x_wconf 88' lang='lat' dir='ltr'>Post.</span> <span class='ocrx_word' id='word_1_440' title='bbox 1815 2217 1887 2257; x_wconf 89' lang='lat'>17:</span> <span class='ocrx_word' id='word_1_441' title='bbox 1927 2214 2045 2257; x_wconf 84' lang='lat' dir='ltr'>dolor</span> 
     </span>
     <span class='ocr_line' id='line_1_65' title="bbox 1203 2271 2046 2322; baseline 0.001 -11"><span class='ocrx_word' id='word_1_442' title='bbox 1203 2271 1377 2312; x_wconf 66' lang='lat' dir='ltr'>includit</span> <span class='ocrx_word' id='word_1_443' title='bbox 1406 2285 1560 2322; x_wconf 75' lang='lat' dir='ltr'>vocmn3</span> <span class='ocrx_word' id='word_1_444' title='bbox 1603 2279 1723 2313; x_wconf 88' lang='lat' dir='ltr'>sonst</span> <span class='ocrx_word' id='word_1_445' title='bbox 1759 2272 1816 2311; x_wconf 84' lang='lat' dir='ltr'>ist</span> <span class='ocrx_word' id='word_1_446' title='bbox 1843 2271 2046 2313; x_wconf 79' lang='lat' dir='ltr'>interclu-</span> 
     </span>
     <span class='ocr_line' id='line_1_66' title="bbox 1203 2328 2044 2381; baseline -0.001 -12"><span class='ocrx_word' id='word_1_447' title='bbox 1203 2328 1300 2369; x_wconf 76' lang='lat' dir='ltr'>dere</span> <span class='ocrx_word' id='word_1_448' title='bbox 1341 2329 1663 2379; x_wconf 73' lang='lat' dir='ltr'>gewolinlieher.</span> <span class='ocrx_word' id='word_1_449' title='bbox 1708 2353 1760 2358; x_wconf 91' lang='lat'>—</span> <span class='ocrx_word' id='word_1_450' title='bbox 1801 2331 1840 2368; x_wconf 76' lang='lat' dir='ltr'>et</span> <span class='ocrx_word' id='word_1_451' title='bbox 1880 2328 2044 2381; x_wconf 77' lang='lat' dir='ltr'>quidem</span> 
     </span>
     <span class='ocr_line' id='line_1_67' title="bbox 1205 2384 2046 2425; baseline 0 -1"><span class='ocrx_word' id='word_1_452' title='bbox 1205 2386 1321 2425; x_wconf 86' lang='lat' dir='ltr'>dient</span> <span class='ocrx_word' id='word_1_453' title='bbox 1357 2386 1462 2425; x_wconf 86' lang='lat' dir='ltr'>dazu</span> <span class='ocrx_word' id='word_1_454' title='bbox 1499 2392 1629 2425; x_wconf 84' lang='lat' dir='ltr'>etwas</span> <span class='ocrx_word' id='word_1_455' title='bbox 1661 2384 1801 2425; x_wconf 87' lang='lat' dir='ltr'>Neues</span> <span class='ocrx_word' id='word_1_456' title='bbox 1830 2385 2046 2424; x_wconf 84' lang='lat' dir='ltr'>anzuknii-</span> 
     </span>
     <span class='ocr_line' id='line_1_68' title="bbox 1205 2440 2046 2493; baseline -0.001 -13"><span class='ocrx_word' id='word_1_457' title='bbox 1205 2440 1313 2493; x_wconf 87' lang='lat' dir='ltr'>pfen,</span> <span class='ocrx_word' id='word_1_458' title='bbox 1335 2455 1420 2481; x_wconf 87' lang='lat' dir='ltr'>was</span> <span class='ocrx_word' id='word_1_459' title='bbox 1442 2442 1568 2481; x_wconf 84' lang='lat' dir='ltr'>durch</span> <span class='ocrx_word' id='word_1_460' title='bbox 1591 2441 1754 2493; x_wconf 74' lang='lat' dir='ltr'>quidem</span> <span class='ocrx_word' id='word_1_461' title='bbox 1783 2441 2046 2492; x_wconf 72' lang='lat' dir='ltr'>eingeriiumt</span> 
     </span>
     <span class='ocr_line' id='line_1_69' title="bbox 1205 2498 2045 2549; baseline 0 -13"><span class='ocrx_word' id='word_1_462' title='bbox 1205 2498 1283 2536; x_wconf 88' lang='lat' dir='ltr'>und</span> <span class='ocrx_word' id='word_1_463' title='bbox 1326 2498 1551 2549; x_wconf 81' lang='lat' dir='ltr'>bekr‘aftigt</span> <span class='ocrx_word' id='word_1_464' title='bbox 1590 2498 1715 2537; x_wconf 82' lang='lat' dir='ltr'>wird:</span> <span class='ocrx_word' id='word_1_465' title='bbox 1757 2498 1836 2537; x_wconf 91' lang='lat' dir='ltr'>und</span> <span class='ocrx_word' id='word_1_466' title='bbox 1863 2521 1885 2526; x_wconf 94' lang='lat'><em>-</em></span> <span class='ocrx_word' id='word_1_467' title='bbox 1914 2498 2045 2537; x_wconf 86' lang='lat' dir='ltr'>aller-</span> 
     </span>
     <span class='ocr_line' id='line_1_70' title="bbox 1205 2551 2039 2605; baseline -0.001 -12"><span class='ocrx_word' id='word_1_468' title='bbox 1205 2555 1326 2605; x_wconf 83' lang='lat' dir='ltr'>dings</span> <span class='ocrx_word' id='word_1_469' title='bbox 1358 2568 1492 2604; x_wconf 84' lang='lat' dir='ltr'>zwar3</span> <span class='ocrx_word' id='word_1_470' title='bbox 1532 2554 1793 2605; x_wconf 74' lang='lat' dir='ltr'>gewohnlieh</span> <span class='ocrx_word' id='word_1_471' title='bbox 1830 2551 1936 2603; x_wconf 78' lang='lat' dir='ltr'>folgt</span> <span class='ocrx_word' id='word_1_472' title='bbox 1975 2553 2039 2593; x_wconf 85' lang='lat' dir='ltr'>ein</span> 
     </span>
     <span class='ocr_line' id='line_1_71' title="bbox 1206 2610 2047 2662; baseline -0.004 -11"><span class='ocrx_word' id='word_1_473' title='bbox 1206 2610 1442 2662; x_wconf 73' lang='lat' dir='ltr'>Gvgensatz</span> <span class='ocrx_word' id='word_1_474' title='bbox 1490 2612 1566 2650; x_wconf 87' lang='lat' dir='ltr'>mit</span> <span class='ocrx_word' id='word_1_475' title='bbox 1604 2610 1687 2661; x_wconf 80' lang='lat' dir='ltr'>sed,</span> <span class='ocrx_word' id='word_1_476' title='bbox 1723 2624 1774 2650; x_wconf 88' lang='lat' dir='ltr'>an</span> <span class='ocrx_word' id='word_1_477' title='bbox 1813 2624 1850 2650; x_wconf 93' lang='lat' dir='ltr'>u.</span> <span class='ocrx_word' id='word_1_478' title='bbox 1891 2611 1949 2650; x_wconf 85' lang='lat' dir='ltr'>St.</span> <span class='ocrx_word' id='word_1_479' title='bbox 1991 2610 2047 2649; x_wconf 83' lang='lat' dir='ltr'>ist</span> 
     </span>
     <span class='ocr_line' id='line_1_72' title="bbox 1205 2666 2044 2718; baseline -0.001 -12"><span class='ocrx_word' id='word_1_480' title='bbox 1205 2668 1398 2707; x_wconf 75' lang='lat' dir='ltr'>dei-selbe</span> <span class='ocrx_word' id='word_1_481' title='bbox 1429 2668 1501 2707; x_wconf 89' lang='lat' dir='ltr'>mit</span> <span class='ocrx_word' id='word_1_482' title='bbox 1532 2668 1622 2706; x_wconf 83' lang='lat' dir='ltr'>dein</span> <span class='ocrx_word' id='word_1_483' title='bbox 1652 2667 1754 2718; x_wconf 84' lang='lat' dir='ltr'>folg.</span> <span class='ocrx_word' id='word_1_484' title='bbox 1785 2667 1907 2706; x_wconf 87' lang='lat' dir='ltr'>Satze</span> <span class='ocrx_word' id='word_1_485' title='bbox 1938 2666 2044 2705; x_wconf 85' lang='lat' dir='ltr'>ohne</span> 
     </span>
     <span class='ocr_line' id='line_1_73' title="bbox 1204 2721 2044 2775; baseline 0 -13"><span class='ocrx_word' id='word_1_486' title='bbox 1204 2723 1277 2763; x_wconf 77' lang='lat' dir='ltr'>sed</span> <span class='ocrx_word' id='word_1_487' title='bbox 1299 2725 1624 2773; x_wconf 52' lang='lat' dir='ltr'>vei-schinonem</span> <span class='ocrx_word' id='word_1_488' title='bbox 1647 2724 1730 2775; x_wconf 81' lang='lat' dir='ltr'>vgl.</span> <span class='ocrx_word' id='word_1_489' title='bbox 1748 2724 1782 2772; x_wconf 92' lang='lat'>1,</span> <span class='ocrx_word' id='word_1_490' title='bbox 1803 2723 1865 2772; x_wconf 88' lang='lat'>12,</span> <span class='ocrx_word' id='word_1_491' title='bbox 1893 2724 1963 2771; x_wconf 81' lang='lat'>103</span> <span class='ocrx_word' id='word_1_492' title='bbox 1986 2721 2044 2762; x_wconf 88' lang='lat' dir='ltr'>ib.</span> 
     </span>
     <span class='ocr_line' id='line_1_74' title="bbox 1211 2779 2043 2831; baseline -0.005 -10"><span class='ocrx_word' id='word_1_493' title='bbox 1211 2782 1274 2827; x_wconf 77' lang='lat'>14,</span> <span class='ocrx_word' id='word_1_494' title='bbox 1298 2780 1799 2831; x_wconf 72' lang='lat'>4324‚1,11341,19,</span> <span class='ocrx_word' id='word_1_495' title='bbox 1822 2779 1845 2819; x_wconf 91' lang='grc'>3</span> <span class='ocrx_word' id='word_1_496' title='bbox 1869 2792 1906 2818; x_wconf 91' lang='lat' dir='ltr'>u.</span> <span class='ocrx_word' id='word_1_497' title='bbox 1929 2791 1964 2817; x_wconf 87' lang='lat' dir='ltr'>a.</span> <span class='ocrx_word' id='word_1_498' title='bbox 1990 2800 2043 2806; x_wconf 93' lang='grc'>-</span> 
     </span>
     <span class='ocr_line' id='line_1_75' title="bbox 1204 2836 2042 2890; baseline -0.002 -15"><span class='ocrx_word' id='word_1_499' title='bbox 1204 2839 1363 2887; x_wconf 69' lang='lat' dir='ltr'>maior,</span> <span class='ocrx_word' id='word_1_500' title='bbox 1402 2851 1438 2876; x_wconf 90' lang='lat' dir='ltr'>n.</span> <span class='ocrx_word' id='word_1_501' title='bbox 1482 2839 1631 2876; x_wconf 63' lang='lat' dir='ltr'>ceteris</span> <span class='ocrx_word' id='word_1_502' title='bbox 1671 2836 1938 2890; x_wconf 75' lang='lat' dir='ltr'>primoribus.</span> <span class='ocrx_word' id='word_1_503' title='bbox 1989 2856 2042 2862; x_wconf 92' lang='lat'>-—</span> 
     </span>
     <span class='ocr_line' id='line_1_76' title="bbox 1204 2891 2046 2944; baseline -0.002 -13"><span class='ocrx_word' id='word_1_504' title='bbox 1204 2893 1426 2944; x_wconf 69' lang='lat' dir='ltr'>dignitate,</span> <span class='ocrx_word' id='word_1_505' title='bbox 1448 2894 1638 2932; x_wconf 71' lang='lat' dir='ltr'>Ans-eheu</span> <span class='ocrx_word' id='word_1_506' title='bbox 1664 2893 1704 2932; x_wconf 89' lang='lat' dir='ltr'>iu</span> <span class='ocrx_word' id='word_1_507' title='bbox 1728 2891 1853 2943; x_wconf 80' lang='lat' dir='ltr'>Folge</span> <span class='ocrx_word' id='word_1_508' title='bbox 1874 2902 2046 2942; x_wconf 83' lang='lat' dir='ltr'>grosser</span> 
     </span>
     <span class='ocr_line' id='line_1_77' title="bbox 1204 2949 2042 3000; baseline -0.007 -10"><span class='ocrx_word' id='word_1_509' title='bbox 1204 2950 1379 3000; x_wconf 83' lang='lat' dir='ltr'>Thaten,</span> <span class='ocrx_word' id='word_1_510' title='bbox 1400 2951 1529 2991; x_wconf 82' lang='lat' dir='ltr'>hohor</span> <span class='ocrx_word' id='word_1_511' title='bbox 1550 2949 1862 2998; x_wconf 85' lang='lat' dir='ltr'>Ehreustellen,</span> <span class='ocrx_word' id='word_1_512' title='bbox 1891 2958 2042 2997; x_wconf 83' lang='lat' dir='ltr'>ausge-</span> 
     </span>
     <span class='ocr_line' id='line_1_78' title="bbox 1204 3003 2042 3056; baseline -0.002 -12"><span class='ocrx_word' id='word_1_513' title='bbox 1204 3006 1445 3046; x_wconf 84' lang='lat' dir='ltr'>zciehncter</span> <span class='ocrx_word' id='word_1_514' title='bbox 1468 3005 1748 3056; x_wconf 71' lang='lat' dir='ltr'>Tiichtigkeit,</span> <span class='ocrx_word' id='word_1_515' title='bbox 1775 3005 1890 3044; x_wconf 86' lang='lat' dir='ltr'>nicht</span> <span class='ocrx_word' id='word_1_516' title='bbox 1912 3003 2042 3043; x_wconf 85' lang='lat' dir='ltr'>durch</span> 
     </span>
     <span class='ocr_line' id='line_1_79' title="bbox 1204 3058 2044 3113; baseline -0.005 -12"><span class='ocrx_word' id='word_1_517' title='bbox 1204 3062 1395 3102; x_wconf 79' lang='lat' dir='ltr'>das&#39;Amt.</span> <span class='ocrx_word' id='word_1_518' title='bbox 1418 3086 1469 3092; x_wconf 93' lang='lat'><strong>—</strong></span> <span class='ocrx_word' id='word_1_519' title='bbox 1491 3075 1619 3113; x_wconf 72' lang='lat' dir='ltr'>agere</span> <span class='ocrx_word' id='word_1_520' title='bbox 1637 3075 1669 3100; x_wconf 84' lang='lat' dir='ltr'>v.</span> <span class='ocrx_word' id='word_1_521' title='bbox 1693 3074 1730 3103; x_wconf 81' lang='lat' dir='ltr'>r.</span> <span class='ocrx_word' id='word_1_522' title='bbox 1755 3068 1847 3112; x_wconf 86' lang='lat' dir='ltr'>ete.‚</span> <span class='ocrx_word' id='word_1_523' title='bbox 1872 3062 1948 3100; x_wconf 89' lang='lat' dir='ltr'>der</span> <span class='ocrx_word' id='word_1_524' title='bbox 1965 3058 2044 3099; x_wconf 80' lang='lat' dir='ltr'>all-</span> 
     </span>
     <span class='ocr_line' id='line_1_80' title="bbox 1203 3113 2043 3169; baseline -0.005 -12"><span class='ocrx_word' id='word_1_525' title='bbox 1203 3120 1390 3169; x_wconf 81' lang='lat' dir='ltr'>gemeine</span> <span class='ocrx_word' id='word_1_526' title='bbox 1429 3118 1586 3169; x_wconf 74' lang='lat' dir='ltr'>Regi-its</span> <span class='ocrx_word' id='word_1_527' title='bbox 1621 3131 1751 3168; x_wconf 52' lang='lat' dir='ltr'>agere</span> <span class='ocrx_word' id='word_1_528' title='bbox 1789 3118 1893 3157; x_wconf 88' lang='lat' dir='ltr'>wird</span> <span class='ocrx_word' id='word_1_529' title='bbox 1940 3113 2043 3158; x_wconf 83' lang='lat' dir='ltr'>nach</span> 
     </span>
     <span class='ocr_line' id='line_1_81' title="bbox 1203 3174 2042 3216; baseline 0 -2"><span class='ocrx_word' id='word_1_530' title='bbox 1203 3175 1346 3214; x_wconf 76' lang='lat' dir='ltr'>sciner</span> <span class='ocrx_word' id='word_1_531' title='bbox 1388 3178 1465 3216; x_wconf 75' lang='lat' dir='ltr'>Art</span> <span class='ocrx_word' id='word_1_532' title='bbox 1510 3175 1586 3213; x_wconf 87' lang='lat' dir='ltr'>und</span> <span class='ocrx_word' id='word_1_533' title='bbox 1615 3175 1760 3215; x_wconf 71' lang='lat' dir='ltr'>weise</span> <span class='ocrx_word' id='word_1_534' title='bbox 1803 3174 1931 3213; x_wconf 67' lang='lat' dir='ltr'>nahor</span> <span class='ocrx_word' id='word_1_535' title='bbox 1971 3174 2042 3214; x_wconf 83' lang='lat' dir='ltr'>be-</span> 
     </span>
    </p>
   </div>
   <div class='ocr_carea' id='block_1_17' title="bbox 2159 710 2221 2405">
    <p class='ocr_par' dir='ltr' id='par_1_18' title="bbox 2159 710 2221 2405">
     <span class='ocr_line' id='line_1_82' title="bbox 2159 710 2221 2405; baseline 0 0"><span class='ocrx_word' id='word_1_536' title='bbox 2159 710 2221 2405; x_wconf 95' lang='lat' dir='ltr'> </span> 
     </span>
    </p>
   </div>
   <div class='ocr_carea' id='block_1_18' title="bbox 2172 3102 2221 3537">
    <p class='ocr_par' dir='ltr' id='par_1_19' title="bbox 2172 3102 2221 3537">
     <span class='ocr_line' id='line_1_83' title="bbox 2172 3102 2221 3537; baseline 0 0"><span class='ocrx_word' id='word_1_537' title='bbox 2172 3102 2221 3537; x_wconf 95' lang='lat' dir='ltr'> </span> 
     </span>
    </p>
   </div>
  </div>
 </body>
</html>
