2221 3537
91 108 112 132 ν·
175 135 178 138 .

32 198 70 219 ⁴*
114 227 152 254 2.
175 218 245 255 οι
268 218 351 253 ιω.
753 202 913 245 cisen
944 202 994 245 v.
1057 203 1173 244 cm».
1199 204 1234 244 3.
1770 206 1871 256 265

41 357 51 371 ·
115 348 314 401 semper
341 338 566 384 auctores
599 330 803 389 fuerint,
842 332 887 380 id
923 345 1013 395 ego
1041 330 1136 379 hoc
1162 345 1289 379 anno
1318 332 1506 382 «lesisse
1532 334 1738 384 dubitari
1765 348 1870 383 cer-

113 410 220 456 tum
252 403 430 462 habam
463 409 512 453 et
545 416 655 452 cum
689 402 841 450 laetor
875 402 1068 451 tandem
1097 401 1227 465 longi
1254 404 1434 451 erroris
1465 404 1599 452 vobis
1627 407 1770 453 linem
1799 405 1871 453 sa·
1908 412 1932 452 3

113 481 245 528 otum
271 489 394 531 esse,
419 480 540 531 tum,
568 473 700 537 quod
730 473 955 521 secundis
984 472 1296 536 potissimum
1326 474 1496 522 vestris
1524 476 1668 523 robus
1697 476 1773 523 hic
1794 491 1871 524 er-

112 559 202 598 ror
228 550 305 595 est
338 543 580 602 sublatuS‚
614 549 660 592 ct
695 543 831 592 vobis
868 551 914 591 et
950 549 1148 606 propter
1182 558 1268 591 vos
1305 543 1368 591 rei
1400 544 1615 606 publicae
1642 546 1871 608 gratulor.

44 654 49 658 -
113 628 176 667 an
201 619 280 665 est
303 615 577 680 quisquam,
604 614 685 678 qui
713 614 899 662 dubitet
925 613 1070 662 nullis
1099 613 1287 662 iniuriis
1316 614 1503 670 vestm,
1535 616 1572 662 si
1602 631 1722 679 quae
1749 617 1872 665 forte
1907 629 1932 668 4

113 685 371 751 aliquando
408 685 706 742 inciderunt,
740 699 970 748 umquam
1008 700 1158 748 aeque
1193 700 1340 748 quam
1377 700 1576 735 munere
1605 694 1794 749 patrum
1825 687 1872 735 in

113 755 331 822 plebem,
367 771 477 806 cum
512 771 616 805 aera
654 755 969 804 militantibus
1008 755 1268 804 constituta
1297 763 1431 812 sunt,
1468 756 1691 804 tribunos
1719 756 1872 820 plebis

115 826 333 877 offensos
368 842 423 875 ac
456 826 725 876 concitatos
759 823 906 875 esse?
945 826 1058 889 quid
1098 827 1202 875 illos
1237 826 1361 875 aliuil
1399 833 1481 875 aut
1514 834 1615 875 tum
1652 827 1874 876 timuisse
1910 842 1933 879 5

115 897 306 948 creditis
341 904 423 946 aut
449 897 591 946 bodie
617 898 811 946 turbare
837 897 951 945 velle
979 896 1071 945 nisi
1100 898 1408 945 concordiam
1440 898 1691 953 ordinum,
1727 914 1871 962 quain

115 965 451 1018 dissolvendae
477 983 702 1017 maxume
729 968 1009 1017 tribuniciae
1032 968 1285 1032 potcstatis
1309 975 1475 1017 rentur
1495 967 1639 1017 csse?
1667 969 1737 1017 sic
1760 970 1874 1018 her·
1909 984 1934 1022 6

114 1038 218 1089 cule
249 1044 497 1104 tamquam
532 1040 739 1088 artifices
775 1038 968 1102 inprobi
1004 1054 1128 1102 opus
1165 1047 1426 1103 quaerunt;
1464 1040 1643 1103 qnippe
1678 1056 1875 1104 semper

112 1109 239 1173 aegri
266 1109 440 1174 aliqniil
467 1125 576 1158 esse
603 1110 649 1158 in
672 1110 928 1174 republica
952 1110 1133 1165 volunt,
1163 1118 1214 1158 ut
1234 1110 1310 1162 sit.
1338 1110 1394 1158 ad
1419 1110 1554 1158 cuius
1577 1111 1874 1159 curationem

113 1195 138 1229 a
175 1179 313 1229 vobis
346 1181 680 1229 adhibeantur.
734 1188 895 1228 utrum
931 1180 1058 1227 enim
1089 1180 1345 1228 defenditis
1373 1195 1431 1228 an
1461 1181 1739 1244 inpugnatis
1769 1181 1875 1245 ple-
1913 1196 1935 1235 τ
1976 1241 1981 1243 ἢ

112 1247 264 1298 bem?
303 1257 464 1298 ntrnm
495 1250 803 1298 militantium
832 1250 1090 1297 adversarii
1120 1251 1238 1298 estis
1265 1264 1324 1298 an
1348 1266 1542 1298 causam
1566 1249 1743 1312 agitis?
1783 1251 1874 1299 nisi

111 1319 238 1369 forte
264 1320 361 1369 hoc
386 1320 557 1378 dicim,
585 1320 818 1384 quidquid
849 1328 1007 1384 patres
1034 1319 1233 1378 faciunt,
1261 1321 1497 1383 displicet,
1528 1320 1625 1368 sive
1648 1321 1758 1370 illud
1782 1337 1873 1386 pro

111 1389 252 1456 plebe
284 1391 382 1440 sive
419 1398 585 1440 contra
621 1391 811 1454 plebem
849 1398 936 1439 est.
988 1398 1034 1439 et
1068 1407 1210 1454 quem
1247 1392 1305 1439 ad
1341 1392 1540 1439 modurn
1580 1408 1687 1440 cum
1724 1393 1875 1441 servis
1913 1406 1937 1447 3

113 1461 215 1511 suis
242 1468 402 1510 vetant
428 1462 612 1510 domini
640 1462 897 1526 quicquam
926 1462 993 1509 rei
1022 1462 1188 1510 alienis
1210 1462 1492 1511 hominibus
1515 1478 1641 1519 csse,
1671 1464 1877 1526 pariter-

32 1540 36 1542 ’
112 1547 206 1597 que
233 1531 279 1580 in
308 1532 364 1581 iis
392 1532 627 1581 benelicio
656 1548 710 1581 ac
735 1532 967 1581 maleficio
998 1532 1229 1581 abstineri
1264 1548 1430 1581 aecum
1455 1540 1669 1592 censent,
1701 1535 1770 1582 sic
1791 1550 1876 1583 vos

111 1602 400 1652 interdicitis
430 1603 647 1667 patribus
676 1603 971 1652 commercio
997 1604 1167 1667 plvbis,
1197 1619 1257 1652 no
1280 1619 1369 1651 nos
1394 1605 1618 1652 comitate
1640 1620 1692 1652 ac
1715 1605 1877 1654 mnni-

112 1674 301 1724 sscentia
323 1682 489 1723 nostra
514 1690 834 1738 provocemus
859 1674 1063 1739 plebem,
1087 1690 1177 1724 nec
1199 1674 1333 1739 plebs
1356 1675 1499 1723 nobis
1524 1675 1652 1724 dicto
1676 1676 1876 1725 audiens

112 1828 238 1869 Fortu
261 1828 299 1879 4,
322 1826 359 1882 3,
381 1828 420 1868 2.
437 1851 493 1857 -
513 1828 689 1878 desisse,
713 1842 746 1867 s.
767 1828 804 1881 4,
823 1828 890 1878 33,
909 1830 947 1868 9.

113 1908 170 1915 —-
197 1885 344 1935 nullis,
373 1885 467 1925 weil
497 1898 550 1924 an
577 1909 603 1914 -
627 1885 788 1925 dubitet
814 1886 947 1935 gleich

113 1943 171 1982 ist
209 1955 353 1981 omnes
402 1941 645 1981 concedunt.
686 1965 741 1970 ——
781 1945 949 1993 vestr-is,

1043 1829 1090 1878 33
1115 1829 1245 1881 8,33,
1272 1830 1320 1869 13
1343 1843 1381 1869 u.
1401 1843 1461 1878 a.‚
1492 1830 1643 1869 andei-s
1676 1830 1739 1879 10,
1766 1830 1877 1880 S,1;

1041 1899 1132 1925 zum
1170 1886 1396 1927 Gedankcn
1436 1887 1518 1936 vgl.
1558 1887 1596 1934 3,
1628 1886 1694 1936 65⁴,
1731 1888 1795 1928 11.
1824 1910 1878 1916 -

1040 1947 1208 1997 quippe,
1241 1945 1313 1982 das
1345 1945 1431 1982 hds.
1467 1946 1597 1995 qtu‘e!
1620 1944 1674 1982 ist
1697 1944 1880 1983 schwer-

116 1998 212 2038 weil
234 1999 336 2052 App.
373 1999 484 2038 nicbt
514 1999 721 2046 gei-mlezu
749 2000 947 2048 gesteben

114 2054 226 2104 will,
261 2056 357 2095 dass
385 2056 450 2094 die
480 2054 683 2094 Patririer
713 2056 831 2094 ibnen
866 2055 950 2096 Un-

115 2112 234 2152 recht
256 2109 455 2162 zugel‘iigt
476 2112 605 2150 baben
631 2115 840 2159 (nosh-isi,
865 2112 948 2160 vgl.

115 2168 156 2219 6,
177 2169 245 2216 40,
268 2168 308 2208 4.
330 2191 382 2196 -
406 2181 536 2217 aeque
564 2183 687 2220 quam
719 2169 781 2208 bei
807 2169 850 2208 L.
876 2182 949 2207 zu-

114 2229 205 2264 erst
227 2225 326 2264 nacb
345 2225 421 2264 den
445 2223 683 2277 limnikern,
706 2238 738 2263 s.
760 2239 795 2264 r.
813 2227 851 2271 Γ),
875 2226 915 2264 11
936 2239 947 2273 ;

115 2279 183 2331 26,
204 2282 273 2330 45,
297 2281 346 2329 2ς
379 2281 445 2329 28,
469 2281 535 2330 26,
564 2282 624 2332 14,
648 2282 731 2330 vgl.
753 2281 820 2330 31,
851 2282 884 2331 1,
909 2282 947 2321 3.

114 2359 170 2368 -
182 2350 297 2387 aera,
314 2338 386 2376 das
402 2351 475 2376 aes
492 2338 688 2378 militare.
706 2361 757 2366 -—-
777 2340 952 2378 turbare

113 2406 154 2435 r.
175 2394 231 2434 ist
251 2394 314 2433 als
335 2395 401 2433 ein
416 2394 780 2444 Begrill'tae‘mm'sse
796 2408 950 2445 gegen-

115 2449 394 2501 iiber-gestent
439 2457 547 2491 etwa
573 2470 599 2484 =
621 2453 833 2503 aversari,
881 2452 951 2490 ob-

116 2506 250 2557 gleicb
273 2506 523 2554 demselben,
546 2521 677 2557 genau
695 2521 951 2557 genmnnum,

118 2575 197 2602 ιιιιι·
222 2561 323 2603 velle
350 2566 645 2615 entsprecben,
683 2565 821 2604 dieses
860 2578 951 2604 zum

119 2618 295 2670 objecto
322 2621 496 2659 turbare
522 2621 789 2661 concordiam
821 2622 950 2660 baben

119 2675 264 2727 sollte,
287 2676 364 2715 wie
389 2677 579 2715 timuisse
599 2676 756 2716 einl'acb
779 2691 951 2719 concor-

119 2732 248 2773 diam.
263 2754 312 2760 —
332 2731 502 2772 dissolv.
516 2737 605 2772 -tr.
624 2746 679 2786 p.‚
697 2734 736 2786 3,
754 2733 821 2784 2⁴,
847 2735 879 2774 1.
896 2757 952 2763 -

118 2789 326 2842 artifices,
370 2789 452 2828 alle
490 2789 555 2827 die
593 2795 724 2828 etwas
760 2791 831 2830 mit
865 2790 952 2830 Ge-

118 2845 432 2885 scbicklicbkeit
449 2845 676 2891 betreiben,
702 2848 790 2885 bier
809 2859 950 2897 wegeu

117 2904 246 2956 aegri
259 2902 336 2941 und
355 2905 631 2946 curationem.
656 2903 953 2955 Quarksalber.

119 2981 175 2989 —
196 2971 303 3013 opus
324 2971 480 3011 quaer„
506 2961 566 2998 sie
589 2962 742 2998 sucben
768 2959 852 2998 sicli
878 2973 956 2999 nur

119 3020 252 3055 etwas
274 3028 325 3055 zu
348 3016 527 3055 schall‘en
548 3029 596 3054 zu
617 3018 794 3066 nint-ben,
818 3028 852 3055 s.
871 3016 956 3056 Cic.

120 3070 247 3112 Tusc.
278 3071 322 3121 3,
352 3072 427 3120 34,
458 3071 529 3111 81.
521 3087 530 3096 ·
572 3071 719 3113 Graeci·
737 3096 763 3100 -
793 3072 956 3125 disper-

123 3130 256 3168 tiunt:
273 3141 495 3183 apusorum
508 3133 730 3181 quaerunt,
744 3130 826 3178 vgl.
835 3129 957 3169 verr.

121 3183 170 3234 4,
208 3183 275 3224 24.
312 3185 381 3225 54.
433 3184 570 3225 Ueber
602 3199 676 3238 aeg,
670 3188 730 3225 ri
763 3199 796 3225 s.
838 3184 884 3232 2,
918 3184 957 3234 3,

123 3238 174 3288 53
201 3240 306 3282 iiber
335 3245 548 3295 tamquam
580 3256 613 3283 s.
648 3257 681 3283 c.
713 3242 761 3295 4,
784 3241 830 3282 8:
855 3241 894 3294 2,
918 3241 957 3291 2,

1041 2000 1119 2039 licb
1144 2014 1194 2038 zu
1221 2000 1411 2049 billigcn:
1445 2000 1556 2039 xiell.
1580 2001 1634 2038 ist
1657 2001 1720 2039 ein
1746 2001 1877 2039 zwei-

1040 2062 1104 2096 tes
1134 2056 1254 2096 Glied
1285 2058 1356 2096 mit
1387 2062 1427 2096 et
1456 2055 1738 2107 ausgestsslen,
1776 2057 1878 2096 oder

1039 2116 1110 2165 qui
1129 2116 1169 2152 et
1190 2115 1295 2167 ipsi,
1328 2111 1531 2152 ebenfalls
1564 2113 1679 2152 bloss
1710 2114 1782 2152 mit
1805 2114 1879 2153 Be-

1040 2170 1217 2220 ziebung
1251 2169 1325 2208 anf
1356 2173 1483 2222 aegri
1508 2170 1585 2208 und
1616 2174 1876 2209 eur-ationem

1041 2240 1091 2265 zn
1113 2227 1346 2266 schreiben.
1388 2228 1555 2266 Andere
1580 2226 1706 2276 tilgen
1732 2229 1814 2279 qui.

1099 2338 1208 2377 8-9.
1257 2351 1351 2378 cum
1389 2342 1523 2378 seri-is
1562 2345 1662 2378 etc.:
1704 2339 1782 2377 wie
1812 2339 1877 2378 die

1042 2394 1174 2434 llerrn
1214 2396 1324 2434 nicht
1361 2395 1533 2438 wollen.
1575 2397 1671 2434 dass
1705 2395 1881 2435 Fremde

1043 2453 1116 2491 mit
1159 2452 1274 2491 ihren
1305 2452 1482 2491 solave-n
1521 2458 1653 2491 etwas
1689 2465 1740 2491 zu
1780 2453 1878 2491 tbun

1044 2508 1196 2557 haben,
1227 2522 1273 2547 so
1304 2509 1514 2547 verbietet
1543 2510 1606 2548 ihr
1634 2509 1710 2547 den
1744 2508 1879 2548 Patri-

1044 2566 1155 2604 ciern
1187 2566 1258 2604 mit
1290 2566 1365 2604 der
1394 2565 1515 2604 l’lebs
1548 2566 1584 2604 in
1611 2565 1881 2615 Verbindung

1044 2635 1095 2661 zu
1119 2627 1272 2661 treten.
1319 2620 1457 2661 &Venti
1490 2623 1589 2660 narb
1615 2622 1733 2661 einer
1753 2623 1880 2661 ande-

1043 2691 1116 2718 ren
1159 2677 1310 2717 Lesart
1350 2678 1702 2731 quemadmodum
1744 2681 1881 2718 sert-is

1043 2759 1067 2763 -
1104 2748 1199 2774 cum
1249 2735 1398 2774 alienis
1447 2736 1717 2785 gem-brumen
1761 2735 1878 2781 wird,

1042 2792 1208 2831 miissen
1233 2793 1298 2831 die
1324 2791 1478 2831 Motive.
1502 2793 1576 2830 der
1598 2791 1807 2830 Tribunen
1829 2804 1881 2830 ἰο

1042 2861 1164 2888 —nec
1207 2849 1280 2887 mit
1324 2862 1374 2887 zu
1412 2849 1488 2887 den
1530 2848 1879 2897 vergnichungs-

1044 2905 1225 2958 punkten
1243 2918 1428 2955 gezogm
1448 2905 1631 2948 werden,
1650 2917 1728 2942 von
1749 2904 1878 2943 denen

1045 2962 1150 3000 dann
1184 2975 1259 3001 nec
1294 2961 1408 3015 plebs
1441 2967 1520 2999 etc.
1561 2960 1671 2998 nicht
1703 2959 1880 3012 possead

1046 3018 1267 3057 chiastisch
1305 3021 1436 3057 serris
1496 3030 1589 3054 esse
1619 3016 1882 3065 aege-utilior-

1047 3075 1194 3113 stehen
1231 3074 1389 3112 wiirde.
1430 3095 1482 3101 -—-
1515 3074 1680 3126 pariter
1719 3072 1881 3111 bezieht

1048 3130 1134 3169 sich
1157 3128 1231 3169 aul*
1244 3131 1441 3182 benefic-io
1464 3141 1512 3167 ac
1534 3129 1682 3180 moles.
1704 3152 1752 3157 -
1771 3131 1812 3168 in
1829 3131 1882 3169 iis

1049 3200 1089 3226 n.
1119 3189 1252 3226 sert-is
1276 3187 1354 3224 wie
1371 3187 1529 3237 sat-ere
1548 3188 1591 3224 ιἰι
1613 3186 1767 3238 aliquo,
1789 3197 1822 3224 s.
1845 3198 1883 3225 c.

1049 3243 1089 3294 2,
1112 3241 1156 3282 8:
1178 3245 1221 3283 iu
1242 3242 1370 3297 plebe.
1391 3264 1447 3270 —
1467 3254 1555 3294 nec,
1576 3253 1610 3282 ε.
1629 3240 1668 3293 3,
1686 3242 1751 3295 21,
1768 3240 1808 3282 6.
1827 3262 1884 3272 —
