2221 3537
0 2154 8 2162 '
0 2094 2 2111 ”
0 2032 9 2043 ‘—
0 1632 17 2015 ἮᾞζἾὮμᾸτᾱι-ιςν
0 1555 13 1620 κὶι-
0 1533 2 1541 -
4 1504 9 1518 ,4
0 1473 9 1490 -,-
0 1397 18 1421 τ..

385 244 485 294 316
998 242 1158 284 LIBER
1188 245 1239 286 V.
1300 243 1416 284 CAP.
1439 244 1507 286 27.
1934 267 1968 290 a.
1993 267 2028 290 u.
2053 259 2131 292 360.

383 370 524 419 etiam
552 370 703 434 captis
730 370 932 419 urbibus
959 371 1188 434 parcitur,
1216 371 1298 420 sed
1320 371 1551 421 adversus
1571 378 1790 428 armatos.
1806 378 1853 421 et
1871 372 2027 437 ipsoS,
2054 374 2136 439 qui

380 455 472 488 nec
498 439 613 489 laesi
641 455 730 488 nec
754 440 961 489 lacessiti
988 457 1013 490 a
1040 441 1182 490 nobis
1210 447 1365 490 castra
1385 441 1605 492 Romana
1631 443 1688 492 ad
1709 442 1852 492 Veios
1880 458 2134 508 oppugna-

321 515 345 555 8
381 515 508 558 runt.
559 525 642 558 eos
677 517 753 568 tu,
793 518 1023 574 quantum
1052 512 1101 559 in
1126 517 1174 560 te
1198 511 1311 570 fuit,
1347 526 1474 560 novo
1503 513 1680 562 scelere
1704 513 1884 573 vicisti3
1919 528 2006 577 ego
2032 514 2134 563 Ro-

321 583 345 623 9
382 581 538 628 manis
565 580 775 639 artihuS,
804 581 978 630 virtute
1005 598 1149 645 opere
1176 582 1346 641 armis,
1375 582 1499 631 sicut
1526 582 1664 632 Veios
1690 583 1930 632 vincam.“
1979 584 2134 632 denu-

384 651 546 698 datum
585 651 757 699 deinde
791 666 901 700 eum
939 652 1163 701 manibus
1198 659 1313 716 post
1345 659 1531 716 tergum
1566 653 1774 716 inligatis
1802 654 2134 703 reducendum

380 720 595 769 Falerios
617 722 781 785 pueris
802 722 1009 780 tradidit,
1036 723 1289 786 virgasque
1311 723 1395 782 eiS,
1424 723 1597 786 quibus
1618 723 1917 787 proditorem
1941 730 2136 787 agerent

294 793 344 833 10
382 790 429 838 in
473 790 645 839 urbem
691 791 1021 849 verberanteS,
1068 792 1212 841 dedit.
1272 794 1329 841 ad
1367 794 1495 856 quod
1532 793 1857 856 spectaculum
1892 808 2134 843 concursu

379 860 549 924 populi
584 862 795 924 primum
831 861 978 920 facto,
1003 861 1186 910 ‘deinde
1220 877 1245 909 a
1271 862 1630 925 magistratibus
1658 862 1716 911 de
1741 878 1792 912 re
1817 877 1942 912 nova
1964 868 2132 913 vocato

381 938 549 978 senatu
587 937 718 979 tanta
756 931 957 979 mutatio
996 931 1169 980 animis
1207 938 1281 981 est
1315 933 1510 992 iniecta,
1543 939 1619 989 ut,
1658 933 1737 997 qui
1774 934 1924 982 modo
1951 933 2135 982 efferati

382 1000 493 1047 odio
533 1000 698 1063 iraque
734 1000 999 1050 Veientium
1038 1002 1215 1050 exitum
1252 1018 1407 1066 paene
1446 1018 1589 1067 quam
1619 1003 1927 1067 Capenatium
1964 1019 2134 1068 pacem

293 1069 341 1109 11
380 1069 595 1126 mallent,
639 1070 765 1133 apud
805 1087 888 1120 eos
927 1087 1094 1135 pacem
1130 1073 1353 1121 universa
1388 1079 1614 1137 posceret
1648 1073 1826 1124 civitaS.
1875 1073 1998 1122 fides
2031 1073 2134 1123 Ro-

379 1154 545 1199 mana,
580 1140 758 1188 iustitia
786 1141 1093 1205 imperatoris
1121 1143 1168 1191 in
1195 1143 1303 1191 foro
1332 1150 1378 1191 et
1402 1143 1534 1192 curia
1562 1143 1886 1204 celebrantur,
1921 1159 2132 1193 consen-

379 1225 532 1273 suque
562 1212 779 1259 omnium
808 1212 946 1274 legati
974 1213 1030 1261 ad
1054 1213 1302 1262 Camillum
1331 1213 1379 1261 in
1409 1220 1562 1262 castra
1589 1220 1731 1278 atque
1757 1214 1867 1264 inde
1891 1214 2134 1278 permissu

379 1279 562 1329 Camilli
593 1281 794 1329 Romam
824 1283 879 1330 ad
911 1289 1156 1342 senatum,
1187 1285 1266 1347 qui
1294 1284 1525 1332 dederent
1549 1284 1782 1343 FaleriOS,
1809 1284 2133 1349 proficiscun-

294 1350 342 1390 12
379 1356 473 1398 tur.
539 1351 800 1399 introducti
836 1352 890 1399 ad
928 1360 1147 1401 senatum
1186 1354 1247 1402 ita
1282 1355 1430 1402 locuti
1468 1355 1747 1404 traduntur:
1784 1360 1982 1418 „patres
2009 1369 2134 1404 con-

379 1420 561 1484 scripti,
589 1422 807 1479 victoria,
837 1422 911 1470 cui
937 1437 1027 1472 nec
1054 1424 1172 1472 deus
1201 1439 1288 1472 nec
1314 1425 1462 1472 homo
1491 1425 1746 1489 quisquam
1773 1425 1994 1483 invideat,
2023 1424 2135 1473 victi

381 1507 404 1538 a
432 1491 566 1539 vobis
597 1498 641 1539 et
667 1491 959 1554 imperatore
985 1499 1148 1541 vestro
1178 1493 1397 1543 dedimus
1425 1509 1517 1543 nos
1545 1494 1708 1553 vobiS,
1736 1495 1852 1553 rati,
1890 1509 1987 1558 quo
2014 1494 2134 1546 nihil

379 1561 548 1608 victori
576 1562 824 1624 pulchrius
853 1569 952 1619 est,
989 1563 1160 1611 melius
1187 1578 1279 1612 nos
1308 1564 1397 1613 sub
1425 1564 1630 1628 imperio
1657 1570 1819 1614 vestro
1849 1580 1990 1628 quam
2017 1564 2135 1628 legi-

295 1631 344 1671 13
381 1629 471 1678 bus
508 1633 689 1680 nostris
725 1631 952 1681 victuros.
1003 1640 1173 1682 eventu
1211 1634 1356 1683 huius
1393 1634 1502 1683 belli
1541 1635 1636 1684 duo
1673 1635 1893 1685 salutaria
1920 1634 2136 1699 exempla

377 1701 567 1764 prodita
594 1702 807 1750 humano
836 1703 995 1766 generi
1018 1710 1152 1752 sunt:
1181 1720 1267 1752 vos
1289 1705 1431 1753 fidem
1454 1705 1502 1753 in
1521 1705 1643 1754 hello
1667 1721 1808 1769 quam
1831 1711 2133 1770 praesentem

375 1772 623 1820 victoriam
652 1772 912 1833 maluistis,
938 1788 1030 1822 nos
1052 1775 1145 1822 fide
1172 1775 1420 1838 provocati
1440 1775 1689 1824 victoriam
1711 1777 1837 1825 ultro
1860 1775 2133 1826 detulimUS.

290 1844 341 1884 14
378 1841 467 1890 sul)
504 1842 691 1891 dicione
727 1849 885 1892 vestra
914 1860 1113 1893 sumus:
1154 1845 1356 1907 mittite,
1392 1846 1472 1909 qui
1499 1861 1655 1904 arma,
1690 1846 1770 1910 qui
1798 1846 2017 1905 obsideS,
2052 1845 2133 1910 qui

374 1911 542 1960 urbem
573 1913 845 1976 patentibus
873 1914 1029 1978 portis
1055 1915 1302 1979 accipiant.
1349 1931 1439 1964 nec
1463 1932 1550 1964 vos
1578 1916 1688 1965 fidei
1714 1923 1912 1966 nostrae
1931 1931 2023 1966 nec
2040 1930 2134 1965 nos

372 2078 553 2130 fiihrung
587 2081 651 2119 die
682 2081 972 2132 Beobachtung
1010 2083 1083 2121 der
1112 2084 1211 2122 iura

375 2136 469 2176 belle·
496 2137 677 2176 sichtbar
706 2139 823 2177 wird.
854 2161 908 2166 —
932 2142 972 2177 et
999 2141 1099 2193 ips,
1130 2140 1208 2178 wie

373 2194 465 2231 wir.
488 2214 542 2221 —-
565 2192 782 2244 Romanis,
805 2193 872 2243 42,
897 2195 963 2243 47,
989 2194 1027 2233 2.

435 2248 498 2288 10.
531 2249 647 2303 apud
665 2263 734 2290 eos
750 2273 777 2278 —
795 2253 951 2302 civitas,
974 2263 1062 2289 man
1083 2251 1208 2290 sollte

376 2306 413 2342 in
439 2305 577 2356 Bezug
605 2304 679 2344 auf
703 2309 775 2359 qm'
802 2313 1033 2346 erwarten:
1064 2310 1097 2346 ii
1118 2322 1209 2348 om-

372 2374 465 2400 nes:
496 2361 597 2400 aber
618 2375 682 2401 um
706 2364 781 2401 den
808 2362 1045 2413 Gegensatz
1069 2376 1118 2402 zu
1141 2365 1209 2403 he-

374 2416 448 2455 ben
480 2418 535 2456 ist
565 2418 639 2456 der
660 2419 818 2469 Begriff
836 2433 912 2458 von
937 2421 1042 2458 zwei
1064 2421 1206 2460 Seiten

373 2474 672 2522 ausgedriickt:
718 2476 813 2514 dass
859 2476 921 2514 bei
965 2477 1105 2516 diesen
1145 2478 1206 2524 (in

374 2529 474 2568 dem
494 2529 654 2579 Stante)
678 2532 740 2569 dic
764 2544 894 2581 ganze
915 2530 1208 2582 Biirgerscbaft

372 2597 411 2623 u.
436 2597 468 2623 s.
491 2597 564 2636 w.,
593 2586 723 2625 indein
755 2588 826 2626 das
849 2586 923 2625 auf
940 2589 1028 2626 dem
1053 2589 1205 2627 Forum

371 2644 847 2681 zusammenstriimende
879 2642 984 2681 Volk
1018 2645 1208 2691 (concur-

371 2710 421 2735 su
455 2697 615 2751 populi)
651 2699 728 2736 und
773 2699 846 2736 der
883 2699 1011 2737 Senat
1045 2700 1205 2749 gleich-

371 2753 526 2802 miissig
548 2754 624 2792 den
649 2754 825 2793 Frieden
852 2754 1089 2796 wiinschen.

434 2808 516 2847 11-
532 2809 593 2848 12.
628 2823 834 2850 consensu
857 2817 958 2859 etc,
981 2813 1090 2850 nicht
1113 2813 1203 2851 eine

372 2865 619 2914 cigentliche
655 2866 862 2905 Annalime
899 2867 970 2905 des
1003 2868 1203 2908 Friedens

372 2921 496 2960 durch
517 2922 588 2960 das
607 2921 728 2972 Volk,
752 2924 929 2962 welches
949 2923 986 2961 in
1009 2923 1202 2963 Etrurien

371 2989 445 3015 aus
477 2977 655 3028 Hiirigen
689 2979 871 3030 besteht,
909 2980 1104 3018 wiihrend
1139 2982 1202 3019 die

372 3032 631 3072 Lucurnonen
665 3036 869 3085 regieren.
890 3058 945 3063 —
973 3035 1029 3074 ad
1054 3040 1201 3084 senat„

373 3090 511 3128 dieser
539 3091 698 3129 schloss
723 3091 835 3142 jetzt
865 3092 901 3130 in
933 3091 1203 3143 Verbindung

374 3147 447 3184 mit
474 3146 549 3184 den
574 3146 844 3196 Magistraten
872 3149 935 3187 die
961 3148 1202 3197 Biindnisse,

374 3214 407 3239 s.
432 3202 478 3250 4,
510 3201 653 3251 30,1;
685 3203 730 3252 6,
756 3204 806 3243 26
830 3219 867 3244 u.
893 3217 930 3243 a.
953 3227 1007 3232 —
1029 3206 1204 3245 victoria

374 3281 394 3284 -
423 3259 521 3298 victi
538 3282 563 3286 -
586 3260 753 3312 actori,
777 3273 809 3299 s.
839 3261 880 3313 1,
903 3260 977 3311 58,
1000 3261 1037 3300 5.
1061 3283 1116 3289 —
1137 3263 1205 3301 cui

1303 2089 1381 2122 etc.
1412 2084 1451 2122 in
1476 2084 1613 2135 Bezug
1642 2081 1717 2124 auf
1733 2097 1766 2123 c.
1799 2083 1874 2134 21,
1901 2084 1974 2133 153
1996 2083 2071 2134 23,
2094 2084 2134 2124 6.

1301 2163 1356 2168 -
1375 2142 1452 2180 sub
1473 2142 1598 2195 imp„
1629 2140 1681 2180 im
1705 2139 2020 2180 Wesentlichen
2041 2140 2136 2180 das-

1302 2196 1416 2236 selbe
1447 2197 1526 2236 wie
1553 2196 1580 2249 §
1613 2196 1661 2235 14
1690 2198 1769 2236 sub
1797 2196 1972 2248 dicione,
2001 2209 2034 2236 s.
2066 2195 2134 2246 38,

1299 2252 1370 2304 48,
1396 2252 1442 2301 33
1474 2252 1546 2300 29,
1571 2252 1804 2302 29,10:2·n
1826 2253 2033 2293 dicionem
2051 2253 2133 2292 im-

1296 2311 1544 2363 periumque
1563 2333 1591 2338 —
1611 2312 1834 2359 concessit,
1859 2309 1942 2359 vgl.
1965 2307 2042 2359 26,
2064 2306 2131 2358 33,

1304 2365 1372 2414 12,
1403 2366 1467 2404 die
1490 2365 1704 2415 giinzliche
1728 2363 2030 2415 Abhiingigkeit
2050 2376 2131 2404 von

1300 2422 1431 2460 einem
1472 2419 1655 2460 fremden
1693 2420 1835 2459 Staate
1877 2421 1928 2460 im
1965 2418 2130 2470 Gegen-

1300 2483 1416 2515 satze
1446 2490 1496 2515 zu
1526 2477 1600 2515 der
1631 2477 1668 2514 in
1691 2476 1854 2528 legibus
1874 2479 2036 2517 nostris
2057 2476 2130 2516 be-

1298 2533 1539 2571 zeichneten
1569 2532 1814 2585 politischen
1845 2532 2132 2584 Selbsta'ndig-

1296 2588 1399 2628 keit.

1358 2645 1405 2683 13
1423 2667 1445 2671 —
1471 2644 1533 2683 14.
1565 2644 1721 2697 fidem,
1750 2643 2026 2698 Redlichkeit,
2049 2644 2129 2684 wie

1297 2700 1319 2751 ξ
1344 2701 1387 2739 6:
1410 2704 1506 2740 iura
1528 2701 1631 2740 belli.
1654 2723 1708 2729 -
1727 2704 2012 2753 praesentem,
2036 2713 2069 2740 S.
2091 2713 2129 2740 c.

1297 2758 1340 2803 5,
1374 2757 1445 2795 12:
1476 2756 1802 2808 augenblicklich
1832 2769 1882 2795 zu
1913 2756 2127 2807 erlangen,

1295 2814 1395 2852 aber
1442 2814 1479 2851 in
1531 2815 1670 2853 seinen
1717 2812 1874 2863 Folgen
1922 2812 2034 2852 nicht
2079 2824 2126 2852 so

1296 2870 1478 2908 dauernd
1500 2869 1561 2909 als
1585 2868 1800 2921 diefides,
1822 2868 1906 2919 vgl.
1929 2868 1976 2920 8,
1997 2867 2062 2920 21,
2085 2867 2127 2909 4.

1294 2949 1348 2955 —
1368 2928 1446 2966 sub
1467 2925 1544 2965 dic.
1558 2957 1568 2976 ,
1599 2931 1722 2965 uuter
1742 2926 1817 2964 der
1836 2924 2127 2964 vo‘lkerrecht-

1293 2983 1426 3022 lichen
1469 2981 1653 3032 Gewalt,
1695 2981 1851 3020 welche
1893 2980 2019 3019 durch
2059 2978 2126 3019 die

1296 3039 1333 3077 in
1367 3041 1439 3091 qui
1464 3050 1586 3078 arma
1615 3043 1694 3077 etc.
1724 3036 2035 3076 umschriebene
2055 3035 2128 3075 de-

1294 3096 1393 3134 ditio
1418 3091 1729 3144 herbeigeffihrt
1751 3093 1868 3142 wira,
1891 3091 1973 3142 vgl.
1999 3090 2038 3141 6,
2057 3090 2124 3140 29,

1294 3151 1341 3199 ὃς
1367 3150 1440 3201 33,
1464 3149 1536 3199 30,
1555 3150 1602 3198 23
1625 3149 1677 3189 ib.
1701 3148 1768 3197 32,
1792 3149 1815 3186 6
1838 3161 1876 3187 u.
1896 3160 1946 3199 a.,
1970 3147 2123 3186 ebenso

1294 3209 1337 3246 in
1360 3207 1522 3247 de‘cz'one
1542 3220 1634 3246 esse
1655 3204 1700 3255 8,
1734 3203 1876 3254 1‚10;
1911 3204 1956 3256 9,
1979 3202 2052 3254 20,
2075 3203 2122 3252 83

1294 3262 1369 3314 41,
1400 3262 1445 3315 6,
1478 3263 1547 3302 12:
1578 3263 1688 3302 utin
1710 3259 1870 3300 dicione
1889 3273 1927 3314 p.
1952 3257 2002 3300 R.
2023 3259 2123 3299 civi-
