2221 3537
148 384 215 431 42

258 257 325 306 84
594 288 597 291 <
867 255 1023 299 LIBER
1053 257 1118 298 Ill.
1180 257 1297 298 CAP,
1328 258 1396 298 42.

1812 279 1845 303 a..
1871 280 1907 304 u.
1932 272 2010 305 305.

390 382 549 431 Nihilo
584 383 780 433 militiae
814 400 958 449 quam
998 384 1131 434 domi
1164 385 1335 434 melius
1362 400 1438 435 res
1466 386 1654 450 publica
1680 385 2011 437 administrata

186 462 210 499 2
250 458 336 500 est.
388 452 463 502 illa
492 454 639 502 modo
668 455 713 502 in
744 455 946 504 ducibus
976 455 1134 518 culpa,
1162 456 1290 518 quod
1320 462 1373 504 ut
1400 456 1510 505 odio
1538 463 1703 506 essent
1728 456 1908 506 civibus
1935 459 2010 506 fe-

248 530 434 572 cerant:
473 525 558 572 alia
597 528 757 573 omnis
795 540 942 588 penes
971 526 1145 573 milites
1165 526 1308 573 noxia
1337 533 1458 583 erat,
1488 527 1594 590 qui,
1634 542 1695 576 ne
1722 526 1836 590 quid
1863 527 2010 576 ductu

245 599 386 656 atque
420 594 639 658 auspicio
678 596 1064 644 decemvirorum
1094 610 1327 659 prospere
1355 612 1557 660 usquam
1588 604 1854 661 gereretur,
1882 597 2008 646 vinci

188 671 211 710 3
252 679 303 711 se
330 679 414 726 per
450 680 592 713 suum
632 673 773 729 atque
812 665 1003 712 illorum
1039 665 1246 713 dedecus
1274 666 1589 729 patiebantur.
1638 667 1735 716 fusi
1760 674 1808 715 et
1831 667 1890 716 ab
1919 667 2009 716 Sa-

243 733 368 782 binis
394 735 656 783 adEretum
686 744 731 784 et
764 737 812 783 in
839 736 1009 798 Algido
1038 735 1095 783 ab
1112 736 1286 800 Aequis
1315 737 1548 785 exercitus
1576 744 1726 786 erant.
1778 736 1836 785 ab
1858 737 2004 786 Ereto

244 819 328 867 per
365 805 610 853 silentium
646 806 801 854 noctis
840 805 1032 868 profugi
1072 809 1276 869 propius
1304 807 1472 855 urbem
1500 807 1625 855 inter
1649 807 1856 855 Fidenas
1882 805 2010 856 Cru-

181 884 207 923 4
243 877 625 937 stumeriamque
652 876 758 924 loco
788 876 916 924 edito
947 883 1104 924 castra
1127 878 1531 934 communierant,
1558 876 1825 940 persecutis
1846 876 2004 925 hosti-

241 943 332 992 bus
370 960 607 1008 nusquam
650 962 702 993 se
739 961 889 1010 aequo
928 947 1190 994 certamine
1226 946 1584 995 committentes
1621 953 1790 995 natura
1826 946 1920 995 loci
1953 962 2008 996 ac

182 1024 205 1062 5
242 1014 360 1061 vallo
398 1029 498 1062 non
536 1015 706 1063 virtute
744 1023 824 1064 aut
859 1016 1005 1064 armis
1040 1017 1332 1065 tutabantur.
1393 1017 1548 1065 maius
1583 1017 1816 1080 flagitium
1847 1016 1895 1065 in
1920 1016 2008 1065 Al-

242 1084 374 1146 gido,
410 1086 566 1133 maior
601 1088 743 1134 etiam
782 1087 937 1134 clades
971 1094 1187 1150 accepta,
1223 1094 1377 1155 castr-a
1414 1102 1607 1151 quoque
1641 1087 1820 1135 amissa
1855 1094 2004 1145 erant,

240 1160 509 1218 exutusque
546 1156 771 1204 omnihus
808 1157 1090 1205 utensilibus
1124 1157 1258 1205 miles
1288 1157 1554 1206 Tusculum
1584 1173 1659 1215 se,
1695 1157 1788 1206 fide
1814 1156 2008 1205 miseri-

243 1225 500 1288 cordiaque
529 1227 738 1274 victurus
768 1227 1034 1290 hospitum,
1062 1243 1183 1290 quae
1209 1236 1370 1276 tamen
1393 1242 1493 1275 non
1514 1227 1800 1285 fefellerunt,
1830 1232 2004 1276 contu-

183 1304 206 1340 ss
242 1295 375 1343 lerat.
428 1295 630 1344 Romam
660 1297 777 1345 tanti
813 1304 949 1345 erant
982 1304 1195 1345 terrores
1230 1298 1376 1354 allati,
1416 1304 1469 1346 ut
1501 1298 1662 1361 posito
1691 1297 2004 1346 iam'decem-

242 1364 370 1413 virali
410 1366 520 1414 odio
560 1374 718 1429 patres
757 1368 936 1430 vigilias
972 1368 1019 1415 in
1057 1368 1173 1416 urbe
1208 1368 1452 1416 habendas
1498 1374 1777 1426 censerent,
1814 1381 2002 1425 omnes,

242 1435 320 1498 qui
362 1451 447 1498 per
480 1443 680 1484 aetatem
719 1453 850 1485 arma
887 1438 1012 1485 ferre
1058 1445 1282 1500 possent,
1319 1438 1564 1486 custodire
1598 1438 1787 1486 moenia
1823 1452 1878 1485 ac
1913 1451 2002 1500 pro

183 1516 203 1553 7
243 1506 397 1568 portis
427 1507 662 1554 stationes
699 1523 836 1570 agere
870 1507 1113 1563 iuberent,
1149 1524 1281 1556 arma
1310 1508 1575 1556 Tusculum
1604 1508 1660 1555 ad
1689 1507 2003 1570 supplemen-

242 1583 343 1623 tum
392 1576 726 1633 decernerent,
769 1578 1164 1641 decemvirosque
1199 1578 1257 1625 ab
1293 1593 1400 1626 arce
1428 1577 1627 1626 Tusculi
1659 1577 1919 1640 degressos
1951 1577 2001 1625 in

242 1645 411 1693 castris
450 1647 647 1694 militem
677 1647 874 1705 hahere,
913 1654 1067 1696 castra
1104 1646 1190 1695 alia
1219 1663 1243 1696 a
1271 1648 1464 1696 Fidenis
1494 1648 1542 1696 in
1569 1647 1803 1696 Sabinum
1832 1662 1999 1711 agrum

239 1715 488 1763 transferri
516 1717 737 1781 belloque
764 1719 889 1766 ultro
917 1718 1168 1766 inferendo
1199 1717 1427 1766 deterreri
1454 1718 1620 1767 hostes
1641 1734 1666 1766 a
1688 1717 1892 1766 consilio
1915 1733 1999 1766 ur-

240 1785 312 1834 bis
343 1788 710 1849 oppugnandae.

238 1937 470 1964 zusammen
496 1926 623 1965 haben
648 1927 796 1966 sollen.

295 1973 495 2022 42-43.
529 1981 655 2033 h'rieg
684 1997 812 2033 gegen
837 1983 1003 2035 Aequor
1033 1997 1071 2022 u.

238 2038 426 2077 Sabiner.
470 2038 584 2077 Dion.
613 2040 675 2087 ll,
700 2040 750 2078 26
764 2040 800 2078 ff.

295 2093 391 2132 2-3.
420 2096 567 2143 nomia,
592 2108 623 2134 5.
651 2096 740 2145 Dig.
773 2096 839 2143 50,
876 2094 938 2144 16,
972 2094 1071 2133 238:

239 2153 395 2189 noxiae
421 2151 698 2204 appellatione
728 2164 849 2191 omne
877 2151 1070 2191 delictum

239 2209 491 2256 continetur,
515 2208 597 2257 vgl.
622 2207 659 2254 2,
691 2209 758 2258 54,
794 2208 862 2255 1ος
895 2211 930 2259 9,
963 2208 1000 2256 8,
1032 2209 1069 2254 4,

240 2263 329 2301 hier
358 2264 492 2311 wenig
522 2265 788 2303 verschieden
823 2278 900 2303 von
939 2265 1074 2318 culpa,

239 2319 418 2358 welches
445 2320 545 2358 aber
573 2322 689 2359 mehr
717 2322 781 2359 die
806 2321 1075 2359 Verantwor-

239 2381 338 2424 tung
368 2376 634 2417 hervorhebt.
656 2399 711 2405 —
732 2381 856 2428 atque
877 2378 976 2416 nach
1008 2390 1072 2425 ne,

239 2431 334 2469 weil
372 2431 500 2471 ductu
536 2446 574 2472 a.
613 2436 800 2487 auspicio
839 2434 956 2472 einen
989 2433 1071 2471 Ge-

241 2488 541 2536 sammtbegriff
567 2489 724 2538 bilden,
764 2502 796 2528 s.
830 2489 896 2538 24,
926 2489 992 2535 40,
1024 2488 1070 2535 33

241 2542 308 2591 27,
345 2543 405 2591 Iti,
442 2544 455 2581 l
492 2557 529 2583 u,
561 2558 613 2591 a.‚
644 2546 824 2594 dagegen
858 2544 883 2595 ξ
913 2545 959 2582 4ε
1000 2547 1076 2582 ant

239 2602 384 2637 armis.
409 2622 462 2627 —
481 2613 568 2652 per,
592 2614 624 2638 5.
648 2600 684 2646 2,
716 2600 782 2649 38,
813 2601 851 2638 2.
875 2622 929 2628 ·-
949 2600 1075 2639 Fide-

240 2668 319 2693 nae
341 2660 420 2701 etc,
454 2655 568 2694 beide
598 2656 752 2694 siidlich
787 2670 863 2694 von
891 2656 1072 2703 Eretum,

240 2710 331 2749 Fid.
355 2709 454 2749 Rom
478 2712 616 2750 niilier.
665 2712 735 2750 Die
761 2712 1072 2763 plusquamprll'.

241 2767 361 2805 holen
383 2767 448 2805 die
474 2767 710 2817 Erkla'rung
740 2781 817 2806 von
848 2768 931 2806 alia
950 2791 976 2796 —
996 2782 1073 2822 pa-

243 2824 454 2862 tiebantur
477 2825 589 2862 nach.

297 2880 393 2918 4-5.
422 2893 566 2931 aequo,
597 2881 726 2918 indem
758 2880 874 2918 beide
908 2881 1072 2919 Par-tien

242 2936 279 2974 in
304 2936 487 2985 gleicher
510 2936 617 2985 hage
648 2937 751 2984 sind,
781 2937 938 2985 gleiche
964 2937 1074 2975 Vor-

241 2992 363 3032 theile
387 2993 529 3041 haben,
552 2993 640 3031 hier
661 2993 761 3031 auch
785 2994 822 3030 in
849 2993 984 3039 Bezug
1006 2991 1079 3032 nus

241 3047 350 3088 edito
381 3048 493 3097 Ioco,
521 3062 552 3087 5.
584 3049 658 3098 22,
694 3048 762 3097 13,
805 3048 839 3087 1.
869 3050 1075 3100 —Jlagi-

243 3107 361 3150 tium,
388 3103 425 3153 2,
450 3105 513 3152 43,
539 3105 575 3143 S.
598 3127 649 3133 —
680 3105 860 3150 utenszl„
895 3105 1074 3144 Geriith-

242 3159 440 3209 sebasten,
467 3159 644 3212 Waffen,
668 3161 980 3210 Lebensmittel,
1004 3163 1074 3200 da-

241 3217 315 3255 her
336 3220 537 3256 victurus.
559 3240 614 3246 --
635 3231 740 3269 quae
756 3221 871 3264 tam„
893 3231 925 3256 5.
946 3217 980 3269 2,
1007 3218 1072 3268 29,

241 3272 286 3311 4:
306 3274 384 3311 und
404 3274 515 3313 diese
535 3275 788 3325 wenigstens
807 3274 933 3313 fehlte
953 3275 1074 3322 nicht,

1167 1941 1204 1966 n.
1229 1927 1414 1976 obgleich
1436 1938 1525 1965 man
1549 1926 1612 1964 die
1636 1923 1862 1965 Aufnahme
1884 1925 1998 1965 eines

1166 1996 1211 2022 so
1258 1981 1393 2032 feigen
1439 1983 1517 2021 und
1569 1981 1803 2020 schlechten
1843 1981 1998 2022 Heeres

1165 2040 1284 2078 kaum
1315 2040 1427 2078 h'zitte
1459 2044 1665 2078 erwarten
1697 2037 1885 2089 ko‘nnen,
1912 2038 1997 2088 vgl.

1163 2095 1203 2146 9,
1227 2096 1264 2146 6,
1287 2095 1326 2133 4.

1221 2151 1316 2190 6-7.
1346 2152 1496 2204 posito,
1519 2150 1583 2189 bei
1601 2150 1714 2189 Seite
1738 2155 1906 2198 setzen3
1929 2163 2000 2188 an·

1164 2208 1260 2246 ders
1287 2207 1322 2257 1,
1342 2206 1408 2256 53,
1431 2207 1470 2245 5.
1493 2229 1549 2235 —
1570 2205 1851 2255 decemvirali,
1874 2204 1910 2254 l,
1929 2204 1997 2254 30,

1163 2265 1202 2302 4.
1258 2262 1299 2302 1η
1338 2263 1411 2301 der
1457 2275 1535 2301 von
1573 2262 1727 2314 Appius
1774 2259 1998 2300 berufenen

1163 2318 1621 2368 Senatsversammlung
1645 2318 1742 2367 ging
1766 2330 1867 2368 man,
1895 2319 1998 2356 ohne

1164 2377 1253 2414 dem
1296 2375 1424 2413 Hasse
1466 2386 1595 2424 gegen
1646 2374 1710 2412 die
1755 2374 1998 2413 Decemvirn

1166 2430 1475 2480 nachzugeben,
1516 2430 1697 2478 sogleich
1727 2428 1802 2468 auf
1826 2430 1890 2468 die
1921 2429 1999 2468 Be-

1164 2488 1339 2535 rathung
1361 2487 1424 2525 ein
1449 2486 1526 2524 und
1551 2484 1680 2525 fasste
1709 2486 1773 2524 die
1803 2486 1998 2536 nothigen

1167 2543 1427 2582 Beschliisse.
1448 2565 1504 2570 —
1525 2542 1694 2594 vigilias
1717 2548 1812 2590 etc„
1844 2554 1876 2580 s.
1897 2554 1931 2580 c.
1959 2542 1998 2593 5,

1164 2600 1204 2638 4.
1236 2621 1290 2627 -
1319 2601 1537 2638 censerent
1556 2622 1582 2626 —
1603 2600 1794 2638 iuberent
1811 2621 1840 2626 —
1860 2597 2002 2637 decer·

1164 2659 1326 2704 nerent,
1357 2669 1388 2694 s.
1413 2668 1445 2693 c.
1469 2656 1535 2703 40,
1561 2655 1598 2694 7.
1620 2677 1672 2683 —-
1699 2667 1863 2704 omnes,
1887 2656 1999 2707 qui-

1163 2716 1347 2764 possent,
1370 2711 1458 2749 also
1481 2711 1582 2749 auch
1606 2711 1671 2750 die
1694 2711 1900 2762 seniores,
1929 2711 1996 2749 die

1165 2775 1282 2806 sonst
1306 2781 1382 2806 nur
1403 2767 1440 2806 in
1463 2768 1538 2806 der
1557 2766 1678 2806 stadt
1704 2767 1865 2817 dienen,
1894 2779 1929 2806 5.
1961 2779 1997 2805 c.

1164 2824 1232 2873 41,
1256 2825 1292 2863 7.
1323 2847 1373 2853 —
1393 2823 1450 2862 ad
1467 2823 1616 2877 suppl„
1647 2835 1711 2861 um
1734 2823 1798 2861 die
1825 2820 1900 2861 aus
1923 2822 1998 2861 der

1164 2880 1315 2919 Flucht
1343 2880 1590 2919 verlorenen
1617 2878 1779 2917 Waffen
1809 2879 1888 2917 und
1912 2876 1995 2917 Ge-

1165 2938 1282 2976 r‘zithe
1305 2950 1355 2975 zu
1378 2941 1595 2982 ersetzen3
1619 2936 1682 2974 ein
1701 2946 1872 2983 grosser
1889 2933 1996 2974 Ver-

1165 2994 1250 3032 lust
1271 3006 1319 3031 an
1345 2989 1604 3032 Mannschaft
1625 2991 1678 3030 ist
1701 2990 1726 3042 ξ
1750 2992 1772 3028 5
1798 2991 1910 3029 nicht
1931 3003 1999 3028 er-

1165 3050 1318 3088 wiihnt.
1342 3073 1395 3077 —
1416 3050 1619 3095 iuberent,
1641 3059 1673 3086 s.
1703 3048 1737 3095 1,
1760 3046 1826 3094 49,
1851 3046 1893 3094 Ί;
1927 3044 1996 3094 36,

1165 3105 1231 3153 39,
1279 3105 1325 3153 8;
1365 3105 1438 3143 der
1475 3102 1614 3143 Befehl
1651 3103 1729 3142 soll
1767 3103 1892 3142 durch
1929 3102 1994 3141 die

1167 3162 1409 3201 Decemvirn
1441 3161 1541 3199 oder
1571 3160 1656 3198 ihre
1682 3158 1997 3208 Untergebenen

1164 3216 1407 3267 ausgeffihrt
1429 3217 1609 3255 werden.
1627 3216 1849 3255 —habere
1871 3215 2000 3263 biiugt

1164 3275 1266 3313 auch
1297 3287 1375 3314 von
1414 3273 1684 3314 decernerent
1712 3271 1775 3311 ab.
1817 3293 1874 3301 -—
1899 3270 1995 3318 alia,
