2221 3537
937 247 1094 289 LIBER
1124 248 1192 289 IV.
1262 246 1378 288 CAP.
1410 248 1477 288 42.
1775 267 1807 289 a.
1834 267 1869 289 u.
1896 257 1973 290 832.
1997 258 2073 290 333.

328 256 428 304 222

326 384 564 444 potestate
589 377 738 427 creari
763 377 920 426 iussit.
972 377 1113 425 creati
1142 381 1257 423 sunt
1281 375 1332 423 L.
1354 373 1554 424 Manlius
1576 373 1874 439 Capitolinus
1895 373 1954 433 Q.
1976 375 2076 422 An-

267 459 289 497 3
327 450 490 499 tonius
525 448 747 497 Merenda
782 447 834 496 L.
873 447 1097 511 Papirius
1132 445 1418 508 Mugilanus.
1475 445 1714 509 principio
1757 443 1919 493 statim
1963 443 2076 493 anni

328 522 378 569 L.
406 518 693 568 Hortensius
720 518 944 567 tribunus
972 517 1125 580 plebis
1154 515 1201 563 C.
1226 515 1518 579 Sempronio
1547 515 1733 565 consuli
1759 514 1871 563 anni
1898 513 2076 578 prioris

327 592 452 639 diem
480 590 612 638 dixit.
660 603 804 652 quem
833 603 943 637 cum
972 593 1199 650 quattuor
1224 586 1427 648 collegae
1453 585 1751 649 inspectante
1771 584 1953 649 populo
1973 583 2076 632 Ro-

327 675 472 710 mano
518 666 736 720 orarent,
778 674 839 707 ne
878 659 1222 721 imperatorem
1259 671 1402 704 suum
1434 656 1710 714 innoxium,
1748 655 1794 703 in
1828 669 1923 718 quo
1959 653 2078 703 nihil

264 740 288 778 4
326 738 513 796 praeter
546 730 792 778 fortunam
827 728 1113 792 reprehendi
1150 733 1342 790 posset,
1378 732 1592 784 vexaret,
1621 741 1759 789 aegre
1786 723 2076 773 Hortensius

327 802 449 866 pati,
487 799 854 864 temptationem
889 813 993 846 eam
1034 798 1234 845 credens
1272 812 1379 844 esse
1405 795 1788 859 perseverantiae
1815 809 1952 851 suae,
1989 807 2080 842 nec

326 872 551 937 precibus
579 870 908 925 tribunorum,
944 882 1066 930 quae
1091 868 1140 914 in
1167 867 1377 929 speciem
1405 866 1554 913 modo
1581 865 1840 922 iactentur,
1876 863 1964 912 sed
1990 877 2078 912 au-

266 953 288 990 5
327 943 437 990 xilio
474 940 713 989 confidere
745 953 896 986 reum.
956 938 1114 1000 itaque
1148 936 1295 983 modo
1332 935 1389 983 ad
1424 950 1533 982 eum
1571 948 1860 993 conversuS,
1893 933 1978 982 uhi
2011 931 2078 981 illi

326 1010 511 1076 patricii
539 1009 753 1073 spirituS‚
780 1007 861 1056 ubi
889 1006 1122 1055 subnixus
1151 1010 1197 1054 et
1217 1005 1371 1053 fidens
1393 1004 1700 1053 innocentiae
1719 1004 1907 1053 animus
1929 1008 2073 1062 esset,

326 1080 608 1146 quaerebat:
654 1078 744 1127 sub
789 1076 1043 1126 tribunicia
1078 1075 1249 1125 umbra
1284 1075 1587 1123 consularem
1623 1075 1775 1123 virum
1812 1073 2077 1130 delituisse,

265 1162 288 1201 6
326 1152 475 1200 modo
497 1150 555 1198 ad
578 1149 807 1212 collegas:
838 1163 963 1206 „vos
987 1153 1162 1204 autem,
1185 1146 1226 1193 si
1245 1160 1380 1193 reum
1403 1159 1596 1208 peragO,
1618 1145 1731 1209 quid
1754 1144 1905 1193 acturi
1925 1140 2078 1192 estis?

326 1237 384 1270 an
432 1220 645 1283 erepturi
689 1219 761 1267 ius
805 1218 988 1282 populo
1034 1224 1080 1265 et
1112 1216 1328 1264 eversuri
1362 1215 1672 1264 tribuniciam
1709 1211 2078 1279 potestatem‘?“

266 1303 286 1340 τ
328 1308 436 1342 cum
464 1291 527 1339 illi
554 1296 599 1337 et
625 1291 683 1338 de
706 1288 998 1352 Sempronio
1021 1294 1067 1335 et
1087 1287 1145 1336 de
1167 1286 1396 1335 omnibus
1419 1301 1660 1334 summam
1682 1284 1852 1350 populi
1871 1283 2080 1333 Romani

326 1368 615 1427 potestatem
643 1375 750 1407 esse
777 1359 1004 1414 dicerent,
1032 1372 1123 1406 nec
1149 1373 1200 1405 se
1227 1356 1457 1405 iudicium
1485 1356 1652 1420 populi
1678 1356 1842 1404 tollere
1866 1360 1947 1404 aut
1965 1353 2080 1402 velle

326 1440 407 1482 aut
432 1447 600 1496 posse,
637 1431 743 1487 sed,
774 1430 814 1477 si
842 1443 1010 1492 preces
1039 1443 1153 1476 suae
1179 1442 1268 1491 pro
1297 1427 1611 1489 imperatore,
1640 1426 1719 1490 qui
1746 1425 1837 1474 sibi
1863 1423 2077 1488 parentis

267 1514 290 1554 8
327 1509 456 1552 esset
485 1502 615 1561 loco,
650 1515 751 1549 non
787 1500 1069 1558 valuissent,
1110 1513 1162 1546 se
1198 1503 1380 1544 vestem
1419 1511 1528 1544 cum
1555 1511 1611 1544 eo
1640 1501 1939 1553 mutaturos,
1973 1499 2076 1543 tum

327 1571 614 1621 Hortensius
636 1609 664 1628 ‚,
680 1585 779 1618 non
798 1569 1007 1617 videbit“
1028 1568 1183 1631 inquit
1201 1566 1368 1631 „plebs
1390 1565 1607 1614 Romana
1629 1565 1904 1614 sordidatos
1922 1563 2078 1613 tribu-

327 1658 417 1692 nos
439 1657 572 1690 suos,
609 1640 656 1689 C.
676 1639 1021 1704 Sempronium
1044 1638 1160 1686 nihil
1181 1651 1363 1694 moror,
1387 1635 1578 1699 quando
1600 1637 1694 1684 hoc
1713 1635 1853 1684 estin
1873 1634 2076 1698 imperio

266 1726 290 1766 9
329 1718 642 1769 consecutuS,
679 1718 730 1760 ut
761 1716 860 1759 tam
897 1724 1035 1757 carus
1072 1714 1201 1757 esset
1227 1706 1507 1755 militibus.“
1557 1721 1646 1754 nec
1671 1705 1824 1769 pietas
1852 1709 2082 1768 quattuor

326 1784 631 1833 tribunorum
669 1796 811 1845 quam
840 1779 1069 1828 Hortensi
1103 1786 1199 1827 tam
1237 1777 1464 1841 placabile
1490 1776 1548 1825 ad
1574 1776 1722 1825 iustas
1751 1790 1916 1839 preces
1942 1775 2080 1838 inge-

326 1855 459 1903 nium
488 1853 667 1917 pariter
693 1851 819 1916 plebi
846 1850 1164 1914 patribusque
1192 1847 1371 1912 gratius
1396 1847 1501 1896 fuit.

1250 1973 1541 2022 Abstimmung
1572 1971 1676 2011 iiber
1704 1969 1900 2010 dieselbe.
1922 1991 1979 1998 —
1997 1972 2079 2019 ius,

384 1978 479 2017 3—5.
513 1978 714 2032 Pape'roe'ns
733 1983 827 2025 etc.,
851 1977 952 2014 auch
977 1976 1040 2014 die
1063 1973 1158 2014 fast.

1249 2030 1353 2069 iiber
1382 2030 1458 2068 den
1482 2028 1770 2079 Angeklagten
1793 2039 1845 2066 zu
1868 2025 2080 2066 entschei—

328 2035 459 2087 Capit.
489 2035 683 2073 scheinen
723 2047 801 2072 nur
836 2033 924 2071 drei
948 2031 1158 2070 Tribunen

327 2091 478 2141 gehabt
496 2104 547 2129 zu
567 2090 710 2139 haben,
734 2103 765 2129 s.
784 2088 889 2128 Insc.
909 2089 979 2126 lat.
998 2101 1035 2140 p.
1054 2087 1157 2126 443:

326 2148 427 2186 doch
451 2148 554 2185 wird
582 2159 733 2194 vernn,
765 2146 859 2184 dass
889 2157 939 2183 an
964 2157 1002 2182 u.
1026 2144 1086 2182 St.
1109 2142 1156 2182 L.

325 2202 530 2243 Servilius
572 2200 830 2252 ausgefallen
870 2202 952 2254 sei,
1005 2200 1153 2239 dessen

327 2260 498 2299 zweites
522 2259 723 2298 Tribuuat
746 2272 780 2297 c.
804 2258 855 2295 47
880 2257 1067 2296 erwiihnt
1089 2256 1157 2296 ist.

327 2339 381 2344 —
398 2317 611 2355 Antonias
632 2316 686 2354 ist
707 2313 1047 2353 wabrscbeinlich
1067 2311 1161 2351 Ple-

329 2372 464 2423 bejer,
499 2385 534 2411 s.
568 2370 612 2420 3,
651 2370 723 2417 35,
765 2371 836 2420 11,
877 2371 952 2408 wie
984 2368 1160 2417 Atilius,

328 2429 367 2477 4,
392 2429 436 2477 7,
464 2429 505 2478 1,
528 2428 610 2478 vgl.
632 2428 676 2474 5,
705 2427 774 2476 13,
799 2425 836 2474 3,
859 2425 1099 2474 Schwegler
1120 2423 1158 2472 3,

333 2484 462 2523 12.—
478 2487 778 2537 perseverant..
804 2482 852 2520 ob
876 2495 922 2521 er
944 2483 1056 2520 ihrer
1075 2481 1159 2518 Bit-

331 2546 397 2578 ten
423 2541 669 2588 ungeachtet
691 2540 754 2577 die
778 2536 908 2588 Hlage
931 2535 1160 2585 versolgen,

333 2609 383 2634 zu
407 2595 520 2634 Ende
545 2593 688 2634 ssihren
714 2595 852 2632 werde
884 2592 924 2645 (ξ
958 2593 1002 2630 6:
1042 2604 1160 2631 reum

329 2655 529 2705 perago),
566 2652 613 2689 (13
652 2651 710 2688 sie
742 2651 841 2688 doch
871 2649 1157 2687 entschlossen

329 2708 489 2753 waren,
524 2707 560 2744 in
586 2708 738 2745 diesem
763 2705 880 2744 Falle
904 2718 953 2743 zu
978 2705 1157 2742 interce-

327 2765 442 2803 diren
472 2763 648 2813 (auxilio
671 2761 908 2814 confidere).
932 2782 986 2788 —-
1007 2761 1158 2798 subni-

325 2834 434 2870 :c-us,
466 2819 651 2868 absolut,
689 2830 805 2855 wenn
837 2830 925 2855 man
952 2817 1062 2854 nicht
1083 2828 1155 2853 aus

326 2878 587 2916 innocentiae
622 2876 697 2912 den
723 2873 815 2913 ΑΜ.
854 2874 956 2911 dazu
997 2871 1155 2910 denken

328 2933 426 2971 will.
445 2955 500 2961 —
521 2931 581 2971 ille·
599 2931 747 2979 geho'rt
769 2930 879 2968 nicht
901 2943 950 2967 zu
974 2932 1155 2966 animus.

385 2988 456 3026 6-
479 2989 516 3026 7.
559 3000 741 3042 perago,
774 2986 846 3032 24,
881 2983 1153 3033 25,1;Τ3(·.

329 3045 483 3085 Ann.4.
509 3045 553 3083 21
572 3059 579 3081 :
605 3047 798 3097 receptus
816 3045 879 3080 est
895 3054 1006 3090 rens,
1024 3053 1156 3091 neque

327 3104 526 3153 peractus
567 3101 613 3139 oh
643 3103 823 3138 mortem
861 3101 1153 3149 opportunam.

332 3157 466 3197 L'eber
487 3158 558 3195 das
578 3156 692 3194 Priis.
712 3155 749 3197 2,
773 3155 840 3203 45,
867 3153 938 3201 133
966 3153 1003 3198 3,
1028 3153 1092 3199 52,
1116 3152 1154 3190 Γ».

330 3235 385 3241 ·—
406 3215 610 3266 crepini-I,
635 3213 760 3250 durch
784 3209 1058 3250 intercession
1083 3221 1156 3257 ge-

330 3282 406 3319 gen
444 3270 507 3308 die
552 3269 751 3318 {logation
789 3267 888 3306 oder
923 3278 1052 3316 gegen
1092 3265 1156 3303 die

1249 2087 1340 2125 den.
1370 2108 1425 2113 —
1459 2088 1630 2138 potest„
1671 2084 1848 2123 darnach
1889 2083 2001 2122 steht
2039 2083 2078 2122 in

1249 2148 1372 2192 guten
1397 2141 1518 2180 Hdss.
1538 2141 1609 2195 pL,
1633 2152 1718 2179 was
1740 2139 1853 2179 viell.
1874 2138 1988 2193 plebi
2006 2137 2079 2177 be-

1250 2199 1414 2247 deutet,
1439 2198 1476 2237 in
1501 2210 1546 2236 so
1569 2195 1657 2236 fern
1682 2196 1757 2235 das
1781 2194 1986 2235 Tribunat
2006 2206 2077 2233 ur·

1251 2255 1487 2307 spriinglich
1524 2250 1592 2292 fiir
1625 2253 1691 2292 die
1713 2251 1834 2291 Plebs
1872 2250 2079 2290 bestimmt

1251 2324 1360 2358 war,
1398 2311 1513 2350 diese
1537 2308 1726 2348 dasselbe
1756 2307 1881 2346 durch
1905 2306 1968 2345 ein
1992 2306 2077 2345 sol—

1252 2368 1348 2406 ches
1371 2365 1603 2407 Vei-fabren
1626 2364 1826 2403 zuniichst
1845 2361 2002 2402 verlor.
2023 2384 2080 2391 —

1249 2436 1377 2477 posse
1416 2423 1489 2468 ist,
1533 2421 1581 2459 da
1623 2420 1689 2459 die
1726 2418 1938 2458 Tribunen
1975 2417 2079 2457 Ein-

1252 2479 1423 2530 spraehe
1454 2490 1504 2515 zu
1537 2475 1714 2515 erheben
1739 2475 1971 2525 berecbtigt
1991 2485 2077 2513 wa-

1252 2547 1348 2582 ren,
1385 2533 1496 2572 nicht
1531 2546 1581 2571 zu
1613 2532 1781 2582 urgiren
1818 2531 1900 2570 und
1931 2531 1972 2570 in
2004 2530 2078 2570 der

1251 2591 1492 2638 Bedeutung
1521 2585 1665 2627 diirsen
1697 2601 1746 2626 zu
1772 2587 1961 2638 nehmen‚
1991 2585 2076 2636 vgl.

1251 2646 1296 2695 9,
1328 2645 1401 2694 26,
1436 2645 1506 2684 18ε
1537 2645 1588 2683 ab
1616 2644 1699 2683 illis
1721 2645 1850 2683 etiam
1870 2655 1976 2696 quae
1994 2653 2078 2682 non

1246 2705 1413 2755 possint
1429 2702 1883 2754 temptari—parent„
1895 2696 2076 2750 24,8‚19.

1306 2758 1329 2796 8
1347 2782 1373 2785 -
1391 2758 1428 2796 9.
1468 2757 1573 2797 m’ln'l
1587 2769 1745 2807 moror,
1767 2756 1830 2795 die
1847 2754 2076 2805 gebi-tinch-

1249 2815 1353 2853 liche
1379 2814 1555 2863 Formi,
1580 2825 1696 2851 wenn
1721 2813 1795 2851 dei·
1816 2810 2076 2861 Angeklagte

1248 2871 1482 2920 entlassen,
1519 2870 1583 2909 die
1613 2868 1822 2919 Anklage,
1857 2879 1937 2906 von
1971 2865 2076 2905 wel-

1249 2928 1346 2965 cher
1375 2927 1464 2965 also
1495 2926 1569 2965 der
1591 2924 1800 2973 Ankliiger
1829 2921 2074 2961 zuriicktre-

1248 2990 1314 3022 ten
1341 2984 1507 3030 konnte,
1529 2979 1781 3030 ausgegeben
1800 2978 1956 3024 wurde‚
1979 2989 2014 3017 s.
2035 2975 2072 3024 8,

1247 3039 1312 3087 35,
1337 3038 1384 3086 ὃς
1408 3038 1476 3087 43,
1502 3037 1565 3087 16,
1594 3036 1655 3085 16,
1680 3035 1816 3085 Lange
1840 3033 1878 3081 2,
1901 3032 1996 3071 607.
2019 3054 2075 3061 -

1246 3108 1319 3134 nec
1335 3119 1359 3122 -
1376 3097 1548 3146 gratius
1566 3112 1592 3125 =
1607 3096 1647 3131 et
1666 3094 1803 3145 pietas
1818 3112 1846 3118 -
1860 3101 1943 3129 non
1962 3100 2075 3141 gra-

1249 3154 1460 3202 nonfuit,
1489 3163 1521 3190 s.
1546 3162 1581 3188 c.
1605 3148 1677 3197 27,
1706 3147 1752 3194 93
1783 3145 1884 3185 aber
1901 3146 2074 3197 gratius

1249 3209 1317 3246 bat
1335 3208 1419 3245 sich
1437 3219 1486 3245 an
1506 3206 1576 3244 das
1595 3204 1744 3243 niihere
1763 3201 1934 3252 Subject
1949 3213 2076 3252 unge-

1249 3264 1476 3303 schlossen.
1519 3283 1574 3290 —
1611 3260 1868 3315 patribusq„
1908 3256 1992 3308 vgl.
2035 3255 2072 3306 1,
