<?xml version="1.0" encoding="UTF-8"?>
<!DOCTYPE html PUBLIC "-//W3C//DTD XHTML 1.0 Transitional//EN"
    "http://www.w3.org/TR/xhtml1/DTD/xhtml1-transitional.dtd">
<html xmlns="http://www.w3.org/1999/xhtml" xml:lang="en" lang="en">
 <head>
  <title>
</title>
<meta http-equiv="Content-Type" content="text/html;charset=utf-8" />
  <meta name='ocr-system' content='tesseract 3.04.00' />
  <meta name='ocr-capabilities' content='ocr_page ocr_carea ocr_par ocr_line ocrx_word'/>
</head>
<body>
  <div class='ocr_page' id='page_1' title='image "./aburbeconditali01livy/aburbeconditali01livy_0514.png"; bbox 0 0 2221 3537; ppageno 0'>
   <div class='ocr_carea' id='block_1_1' title="bbox 175 217 2030 1814">
    <p class='ocr_par' dir='ltr' id='par_1_1' title="bbox 221 217 2028 619">
     <span class='ocr_line' id='line_1_1' title="bbox 286 217 2026 270; baseline 0.009 -16"><span class='ocrx_word' id='word_1_1' title='bbox 286 220 383 268; x_wconf 82' lang='lat'>122</span> <span class='ocrx_word' id='word_1_2' title='bbox 834 217 994 261; x_wconf 80' lang='lat' dir='ltr'><strong>LIBER</strong></span> <span class='ocrx_word' id='word_1_3' title='bbox 1017 219 1084 260; x_wconf 87' lang='lat'>111.</span> <span class='ocrx_word' id='word_1_4' title='bbox 1149 220 1266 263; x_wconf 78' lang='lat' dir='ltr'><strong>CAP.</strong></span> <span class='ocrx_word' id='word_1_5' title='bbox 1289 221 1358 261; x_wconf 80' lang='lat'>62.</span> <span class='ocrx_word' id='word_1_6' title='bbox 1390 221 1459 262; x_wconf 83' lang='lat'>63.</span> <span class='ocrx_word' id='word_1_7' title='bbox 1827 243 1862 267; x_wconf 58' lang='grc' dir='ltr'>ι.</span> <span class='ocrx_word' id='word_1_8' title='bbox 1883 244 1921 268; x_wconf 77' lang='lat' dir='ltr'>u.</span> <span class='ocrx_word' id='word_1_9' title='bbox 1945 235 2026 270; x_wconf 67' lang='grc' dir='ltr'>ωε.</span> 
     </span>
     <span class='ocr_line' id='line_1_2' title="bbox 221 345 2028 413; baseline 0.004 -21"><span class='ocrx_word' id='word_1_10' title='bbox 221 352 247 392; x_wconf 85' lang='grc'>4</span> <span class='ocrx_word' id='word_1_11' title='bbox 284 345 535 393; x_wconf 81' lang='lat' dir='ltr'>salubriter</span> <span class='ocrx_word' id='word_1_12' title='bbox 567 351 612 392; x_wconf 91' lang='lat' dir='ltr'>et</span> <span class='ocrx_word' id='word_1_13' title='bbox 638 351 825 393; x_wconf 88' lang='lat' dir='ltr'>mature</span> <span class='ocrx_word' id='word_1_14' title='bbox 851 346 1015 409; x_wconf 86' lang='lat' dir='ltr'>perfici</span> <span class='ocrx_word' id='word_1_15' title='bbox 1042 353 1218 410; x_wconf 88' lang='lat' dir='ltr'>potest.</span> <span class='ocrx_word' id='word_1_16' title='bbox 1271 348 1311 394; x_wconf 93' lang='lat' dir='ltr'>si</span> <span class='ocrx_word' id='word_1_17' title='bbox 1338 349 1624 398; x_wconf 89' lang='lat' dir='ltr'>trahendum</span> <span class='ocrx_word' id='word_1_18' title='bbox 1651 355 1740 406; x_wconf 89' lang='lat' dir='ltr'>est,</span> <span class='ocrx_word' id='word_1_19' title='bbox 1759 361 1874 413; x_wconf 73' lang='lat' dir='ltr'>ego,</span> <span class='ocrx_word' id='word_1_20' title='bbox 1899 351 2028 400; x_wconf 88' lang='lat' dir='ltr'>utin</span> 
     </span>
     <span class='ocr_line' id='line_1_3' title="bbox 278 415 2028 484; baseline 0.004 -21"><span class='ocrx_word' id='word_1_21' title='bbox 278 415 377 463; x_wconf 89' lang='lat' dir='ltr'>dies</span> <span class='ocrx_word' id='word_1_22' title='bbox 413 430 526 478; x_wconf 87' lang='lat' dir='ltr'>spes</span> <span class='ocrx_word' id='word_1_23' title='bbox 561 415 808 479; x_wconf 87' lang='lat' dir='ltr'>virtusque</span> <span class='ocrx_word' id='word_1_24' title='bbox 844 423 998 464; x_wconf 87' lang='lat' dir='ltr'>vestra</span> <span class='ocrx_word' id='word_1_25' title='bbox 1026 423 1223 473; x_wconf 88' lang='lat' dir='ltr'>crescat,</span> <span class='ocrx_word' id='word_1_26' title='bbox 1251 417 1417 466; x_wconf 87' lang='lat' dir='ltr'>eadem</span> <span class='ocrx_word' id='word_1_27' title='bbox 1446 434 1538 482; x_wconf 88' lang='lat' dir='ltr'>qua</span> <span class='ocrx_word' id='word_1_28' title='bbox 1564 420 1749 468; x_wconf 86' lang='lat' dir='ltr'>institui</span> <span class='ocrx_word' id='word_1_29' title='bbox 1776 420 2028 484; x_wconf 83' lang='lat' dir='ltr'>disciplina</span> 
     </span>
     <span class='ocr_line' id='line_1_4' title="bbox 279 484 2027 553; baseline 0.005 -21"><span class='ocrx_word' id='word_1_30' title='bbox 279 484 505 543; x_wconf 78' lang='lat' dir='ltr'>efficiam3</span> <span class='ocrx_word' id='word_1_31' title='bbox 537 485 578 533; x_wconf 90' lang='lat' dir='ltr'>si</span> <span class='ocrx_word' id='word_1_32' title='bbox 614 485 706 533; x_wconf 90' lang='lat' dir='ltr'>iam</span> <span class='ocrx_word' id='word_1_33' title='bbox 745 486 860 534; x_wconf 85' lang='lat' dir='ltr'>satis</span> <span class='ocrx_word' id='word_1_34' title='bbox 897 487 1044 534; x_wconf 89' lang='lat' dir='ltr'>animi</span> <span class='ocrx_word' id='word_1_35' title='bbox 1078 493 1174 542; x_wconf 87' lang='lat' dir='ltr'>est,</span> <span class='ocrx_word' id='word_1_36' title='bbox 1210 486 1499 551; x_wconf 84' lang='lat' dir='ltr'>decernique</span> <span class='ocrx_word' id='word_1_37' title='bbox 1534 490 1710 553; x_wconf 87' lang='lat' dir='ltr'>placet,</span> <span class='ocrx_word' id='word_1_38' title='bbox 1747 490 1870 553; x_wconf 85' lang='lat' dir='ltr'>agite</span> <span class='ocrx_word' id='word_1_39' title='bbox 1895 491 2027 550; x_wconf 88' lang='lat' dir='ltr'>dum,</span> 
     </span>
     <span class='ocr_line' id='line_1_5' title="bbox 280 555 2026 619; baseline 0.002 -15"><span class='ocrx_word' id='word_1_40' title='bbox 280 555 564 614; x_wconf 85' lang='lat' dir='ltr'>clamorem,</span> <span class='ocrx_word' id='word_1_41' title='bbox 593 556 778 619; x_wconf 89' lang='lat' dir='ltr'>qualem</span> <span class='ocrx_word' id='word_1_42' title='bbox 809 556 856 604; x_wconf 92' lang='lat' dir='ltr'>in</span> <span class='ocrx_word' id='word_1_43' title='bbox 885 555 983 603; x_wconf 87' lang='lat' dir='ltr'>acie</span> <span class='ocrx_word' id='word_1_44' title='bbox 1011 556 1241 604; x_wconf 88' lang='lat' dir='ltr'>sublaturi</span> <span class='ocrx_word' id='word_1_45' title='bbox 1268 558 1404 615; x_wconf 86' lang='lat' dir='ltr'>estis,</span> <span class='ocrx_word' id='word_1_46' title='bbox 1430 559 1580 608; x_wconf 88' lang='lat' dir='ltr'>tollite</span> <span class='ocrx_word' id='word_1_47' title='bbox 1606 560 1684 608; x_wconf 89' lang='lat' dir='ltr'>hic</span> <span class='ocrx_word' id='word_1_48' title='bbox 1709 561 1912 610; x_wconf 90' lang='lat' dir='ltr'>indicem</span> <span class='ocrx_word' id='word_1_49' title='bbox 1939 575 2026 609; x_wconf 89' lang='lat' dir='ltr'>vo-</span> 
     </span>
    </p>

    <p class='ocr_par' dir='ltr' id='par_1_2' title="bbox 218 625 2029 834">
     <span class='ocr_line' id='line_1_6' title="bbox 218 625 2027 690; baseline 0.006 -20"><span class='ocrx_word' id='word_1_50' title='bbox 218 631 241 670; x_wconf 91' lang='lat'>5</span> <span class='ocrx_word' id='word_1_51' title='bbox 276 625 475 674; x_wconf 87' lang='lat' dir='ltr'>luntatis</span> <span class='ocrx_word' id='word_1_52' title='bbox 495 625 778 689; x_wconf 89' lang='lat' dir='ltr'>virtutisque</span> <span class='ocrx_word' id='word_1_53' title='bbox 806 632 1040 674; x_wconf 78' lang='lat' dir='ltr'>vestrae.“</span> <span class='ocrx_word' id='word_1_54' title='bbox 1090 634 1348 689; x_wconf 85' lang='lat' dir='ltr'>postquam</span> <span class='ocrx_word' id='word_1_55' title='bbox 1376 627 1557 690; x_wconf 88' lang='lat' dir='ltr'>ingenti</span> <span class='ocrx_word' id='word_1_56' title='bbox 1582 630 1818 679; x_wconf 80' lang='lat' dir='ltr'>alacritate</span> <span class='ocrx_word' id='word_1_57' title='bbox 1845 631 2027 680; x_wconf 83' lang='lat' dir='ltr'>clamor</span> 
     </span>
     <span class='ocr_line' id='line_1_7' title="bbox 278 695 2026 765; baseline 0.003 -21"><span class='ocrx_word' id='word_1_58' title='bbox 278 703 352 744; x_wconf 90' lang='lat' dir='ltr'>est</span> <span class='ocrx_word' id='word_1_59' title='bbox 394 695 633 756; x_wconf 87' lang='lat' dir='ltr'>sublatus,</span> <span class='ocrx_word' id='word_1_60' title='bbox 681 696 809 759; x_wconf 89' lang='lat' dir='ltr'>quod</span> <span class='ocrx_word' id='word_1_61' title='bbox 846 695 965 743; x_wconf 88' lang='lat' dir='ltr'>bene</span> <span class='ocrx_word' id='word_1_62' title='bbox 999 703 1169 754; x_wconf 84' lang='lat' dir='ltr'>vertat,</span> <span class='ocrx_word' id='word_1_63' title='bbox 1204 703 1453 759; x_wconf 86' lang='lat' dir='ltr'>gesturum</span> <span class='ocrx_word' id='word_1_64' title='bbox 1494 713 1546 746; x_wconf 91' lang='lat' dir='ltr'>se</span> <span class='ocrx_word' id='word_1_65' title='bbox 1580 699 1670 747; x_wconf 86' lang='lat' dir='ltr'>illis</span> <span class='ocrx_word' id='word_1_66' title='bbox 1703 715 1892 749; x_wconf 88' lang='lat' dir='ltr'>morem</span> <span class='ocrx_word' id='word_1_67' title='bbox 1932 715 2026 765; x_wconf 93' lang='lat' dir='ltr'>po-</span> 
     </span>
     <span class='ocr_line' id='line_1_8' title="bbox 276 765 2029 834; baseline 0.003 -20"><span class='ocrx_word' id='word_1_68' title='bbox 276 773 500 830; x_wconf 91' lang='lat' dir='ltr'>steroque</span> <span class='ocrx_word' id='word_1_69' title='bbox 528 766 602 814; x_wconf 88' lang='lat' dir='ltr'>die</span> <span class='ocrx_word' id='word_1_70' title='bbox 628 767 675 813; x_wconf 90' lang='lat' dir='ltr'>in</span> <span class='ocrx_word' id='word_1_71' title='bbox 703 766 851 813; x_wconf 83' lang='lat' dir='ltr'>aciem</span> <span class='ocrx_word' id='word_1_72' title='bbox 880 765 1196 815; x_wconf 87' lang='lat' dir='ltr'>deducturum</span> <span class='ocrx_word' id='word_1_73' title='bbox 1223 767 1456 815; x_wconf 84' lang='lat' dir='ltr'>adfirmat.</span> <span class='ocrx_word' id='word_1_74' title='bbox 1499 768 1736 832; x_wconf 89' lang='lat' dir='ltr'>reliquum</span> <span class='ocrx_word' id='word_1_75' title='bbox 1764 770 1855 818; x_wconf 92' lang='lat' dir='ltr'>diei</span> <span class='ocrx_word' id='word_1_76' title='bbox 1877 786 2029 834; x_wconf 86' lang='lat' dir='ltr'>appa-</span> 
     </span>
    </p>

    <p class='ocr_par' dir='ltr' id='par_1_3' title="bbox 217 836 2030 1114">
     <span class='ocr_line' id='line_1_9' title="bbox 217 836 2027 900; baseline 0.004 -18"><span class='ocrx_word' id='word_1_77' title='bbox 217 841 242 882; x_wconf 82' lang='lat'>6</span> <span class='ocrx_word' id='word_1_78' title='bbox 276 838 442 885; x_wconf 90' lang='lat' dir='ltr'>randis</span> <span class='ocrx_word' id='word_1_79' title='bbox 470 836 616 884; x_wconf 84' lang='lat' dir='ltr'>armis</span> <span class='ocrx_word' id='word_1_80' title='bbox 645 842 992 898; x_wconf 89' lang='lat' dir='ltr'>consumptum</span> <span class='ocrx_word' id='word_1_81' title='bbox 1019 843 1106 885; x_wconf 90' lang='lat' dir='ltr'>est.</span> <span class='ocrx_word' id='word_1_82' title='bbox 1156 844 1352 900; x_wconf 91' lang='lat' dir='ltr'>postero</span> <span class='ocrx_word' id='word_1_83' title='bbox 1381 838 1456 886; x_wconf 90' lang='lat' dir='ltr'>die</span> <span class='ocrx_word' id='word_1_84' title='bbox 1483 838 1627 886; x_wconf 90' lang='lat' dir='ltr'>simul</span> <span class='ocrx_word' id='word_1_85' title='bbox 1652 839 1824 888; x_wconf 88' lang='lat' dir='ltr'>instrui</span> <span class='ocrx_word' id='word_1_86' title='bbox 1847 840 2027 889; x_wconf 86' lang='lat' dir='ltr'>Roma-</span> 
     </span>
     <span class='ocr_line' id='line_1_10' title="bbox 276 905 2027 971; baseline 0.002 -16"><span class='ocrx_word' id='word_1_87' title='bbox 276 922 387 955; x_wconf 89' lang='lat' dir='ltr'>nam</span> <span class='ocrx_word' id='word_1_88' title='bbox 423 907 571 953; x_wconf 88' lang='lat' dir='ltr'>aciem</span> <span class='ocrx_word' id='word_1_89' title='bbox 609 905 776 953; x_wconf 89' lang='lat' dir='ltr'>Sabini</span> <span class='ocrx_word' id='word_1_90' title='bbox 817 906 999 963; x_wconf 87' lang='lat' dir='ltr'>videre,</span> <span class='ocrx_word' id='word_1_91' title='bbox 1035 913 1082 954; x_wconf 89' lang='lat' dir='ltr'>et</span> <span class='ocrx_word' id='word_1_92' title='bbox 1121 907 1213 969; x_wconf 87' lang='lat' dir='ltr'>ipsi</span> <span class='ocrx_word' id='word_1_93' title='bbox 1246 907 1338 954; x_wconf 86' lang='lat' dir='ltr'>iam</span> <span class='ocrx_word' id='word_1_94' title='bbox 1376 908 1560 971; x_wconf 83' lang='lat' dir='ltr'>pridem</span> <span class='ocrx_word' id='word_1_95' title='bbox 1596 909 1720 957; x_wconf 87' lang='lat' dir='ltr'>avidi</span> <span class='ocrx_word' id='word_1_96' title='bbox 1753 909 2027 960; x_wconf 87' lang='lat' dir='ltr'>certaminis</span> 
     </span>
     <span class='ocr_line' id='line_1_11' title="bbox 276 975 2025 1040; baseline 0.003 -16"><span class='ocrx_word' id='word_1_97' title='bbox 276 976 561 1040; x_wconf 83' lang='lat' dir='ltr'>procedunt.</span> <span class='ocrx_word' id='word_1_98' title='bbox 629 975 868 1039; x_wconf 90' lang='lat' dir='ltr'>proelium</span> <span class='ocrx_word' id='word_1_99' title='bbox 915 976 1028 1032; x_wconf 85' lang='lat' dir='ltr'>fuit,</span> <span class='ocrx_word' id='word_1_100' title='bbox 1066 978 1201 1040; x_wconf 87' lang='lat' dir='ltr'>quale</span> <span class='ocrx_word' id='word_1_101' title='bbox 1248 977 1372 1025; x_wconf 92' lang='lat' dir='ltr'>inter</span> <span class='ocrx_word' id='word_1_102' title='bbox 1411 978 1613 1027; x_wconf 86' lang='lat' dir='ltr'>fidentes</span> <span class='ocrx_word' id='word_1_103' title='bbox 1654 979 1849 1029; x_wconf 89' lang='lat' dir='ltr'>sibimet</span> <span class='ocrx_word' id='word_1_104' title='bbox 1880 979 2025 1040; x_wconf 86' lang='lat' dir='ltr'>ambo</span> 
     </span>
     <span class='ocr_line' id='line_1_12' title="bbox 277 1046 2030 1114; baseline 0.003 -20"><span class='ocrx_word' id='word_1_105' title='bbox 277 1048 536 1104; x_wconf 82' lang='lat' dir='ltr'>exercitus,</span> <span class='ocrx_word' id='word_1_106' title='bbox 566 1046 738 1094; x_wconf 89' lang='lat' dir='ltr'>veteris</span> <span class='ocrx_word' id='word_1_107' title='bbox 779 1054 1132 1110; x_wconf 79' lang='lat' dir='ltr'>perpetuaeque</span> <span class='ocrx_word' id='word_1_108' title='bbox 1166 1047 1367 1096; x_wconf 90' lang='lat' dir='ltr'>alterum</span> <span class='ocrx_word' id='word_1_109' title='bbox 1411 1049 1609 1111; x_wconf 86' lang='lat' dir='ltr'>gloriae,</span> <span class='ocrx_word' id='word_1_110' title='bbox 1641 1050 1842 1098; x_wconf 90' lang='lat' dir='ltr'>alterum</span> <span class='ocrx_word' id='word_1_111' title='bbox 1874 1065 2030 1114; x_wconf 89' lang='lat' dir='ltr'>nuper</span> 
     </span>
    </p>

    <p class='ocr_par' dir='ltr' id='par_1_4' title="bbox 217 1115 2029 1323">
     <span class='ocr_line' id='line_1_13' title="bbox 217 1115 2029 1169; baseline 0.003 -5"><span class='ocrx_word' id='word_1_112' title='bbox 217 1125 239 1164; x_wconf 84' lang='lat'>7</span> <span class='ocrx_word' id='word_1_113' title='bbox 276 1130 401 1164; x_wconf 87' lang='lat' dir='ltr'>nova</span> <span class='ocrx_word' id='word_1_114' title='bbox 427 1115 622 1164; x_wconf 82' lang='lat' dir='ltr'>victoria</span> <span class='ocrx_word' id='word_1_115' title='bbox 649 1116 839 1164; x_wconf 89' lang='lat' dir='ltr'>elatum.</span> <span class='ocrx_word' id='word_1_116' title='bbox 893 1117 1094 1165; x_wconf 90' lang='lat' dir='ltr'>consilio</span> <span class='ocrx_word' id='word_1_117' title='bbox 1117 1118 1258 1166; x_wconf 87' lang='lat' dir='ltr'>etiam</span> <span class='ocrx_word' id='word_1_118' title='bbox 1289 1117 1452 1166; x_wconf 89' lang='lat' dir='ltr'>Sabini</span> <span class='ocrx_word' id='word_1_119' title='bbox 1486 1119 1612 1167; x_wconf 91' lang='lat' dir='ltr'>vires</span> <span class='ocrx_word' id='word_1_120' title='bbox 1638 1120 1876 1168; x_wconf 88' lang='lat' dir='ltr'>adiuvere.</span> <span class='ocrx_word' id='word_1_121' title='bbox 1915 1135 2029 1169; x_wconf 85' lang='lat' dir='ltr'>nam</span> 
     </span>
     <span class='ocr_line' id='line_1_14' title="bbox 279 1187 2028 1253; baseline 0.002 -17"><span class='ocrx_word' id='word_1_122' title='bbox 279 1202 386 1236; x_wconf 89' lang='lat' dir='ltr'>cum</span> <span class='ocrx_word' id='word_1_123' title='bbox 423 1193 711 1249; x_wconf 84' lang='lat' dir='ltr'>aequassent</span> <span class='ocrx_word' id='word_1_124' title='bbox 747 1187 894 1234; x_wconf 88' lang='lat' dir='ltr'>aciem</span> <span class='ocrx_word' id='word_1_125' title='bbox 914 1226 924 1244; x_wconf 92' lang='lat'>‚</span> <span class='ocrx_word' id='word_1_126' title='bbox 965 1188 1059 1236; x_wconf 91' lang='lat' dir='ltr'>duo</span> <span class='ocrx_word' id='word_1_127' title='bbox 1097 1195 1228 1236; x_wconf 86' lang='lat' dir='ltr'>extra</span> <span class='ocrx_word' id='word_1_128' title='bbox 1266 1189 1482 1236; x_wconf 89' lang='lat' dir='ltr'>ordinem</span> <span class='ocrx_word' id='word_1_129' title='bbox 1510 1189 1658 1246; x_wconf 87' lang='lat' dir='ltr'>milia,</span> <span class='ocrx_word' id='word_1_130' title='bbox 1686 1190 1881 1253; x_wconf 88' lang='lat' dir='ltr'>quaein</span> <span class='ocrx_word' id='word_1_131' title='bbox 1907 1189 2028 1239; x_wconf 89' lang='lat' dir='ltr'>sini-</span> 
     </span>
     <span class='ocr_line' id='line_1_15' title="bbox 280 1256 2024 1323; baseline 0.003 -19"><span class='ocrx_word' id='word_1_132' title='bbox 280 1264 432 1305; x_wconf 89' lang='lat' dir='ltr'>strum</span> <span class='ocrx_word' id='word_1_133' title='bbox 471 1271 621 1304; x_wconf 90' lang='lat' dir='ltr'>cornu</span> <span class='ocrx_word' id='word_1_134' title='bbox 651 1256 983 1305; x_wconf 86' lang='lat' dir='ltr'>Romanorum</span> <span class='ocrx_word' id='word_1_135' title='bbox 1023 1258 1070 1305; x_wconf 90' lang='lat' dir='ltr'>in</span> <span class='ocrx_word' id='word_1_136' title='bbox 1099 1258 1206 1321; x_wconf 89' lang='lat' dir='ltr'>ipso</span> <span class='ocrx_word' id='word_1_137' title='bbox 1235 1259 1490 1307; x_wconf 87' lang='lat' dir='ltr'>certamine</span> <span class='ocrx_word' id='word_1_138' title='bbox 1517 1259 1870 1323; x_wconf 89' lang='lat' dir='ltr'>inpressionem</span> <span class='ocrx_word' id='word_1_139' title='bbox 1896 1261 2024 1309; x_wconf 87' lang='lat' dir='ltr'>facc-</span> 
     </span>
    </p>

    <p class='ocr_par' dir='ltr' id='par_1_5' title="bbox 220 1327 2030 1604">
     <span class='ocr_line' id='line_1_16' title="bbox 220 1327 2030 1394; baseline 0.001 -17"><span class='ocrx_word' id='word_1_140' title='bbox 220 1337 243 1377; x_wconf 86' lang='lat'>8</span> <span class='ocrx_word' id='word_1_141' title='bbox 279 1334 402 1384; x_wconf 89' lang='lat' dir='ltr'>rent,</span> <span class='ocrx_word' id='word_1_142' title='bbox 438 1334 652 1375; x_wconf 89' lang='lat' dir='ltr'>tenuere.</span> <span class='ocrx_word' id='word_1_143' title='bbox 708 1342 827 1390; x_wconf 88' lang='lat' dir='ltr'>quae</span> <span class='ocrx_word' id='word_1_144' title='bbox 853 1327 933 1375; x_wconf 90' lang='lat' dir='ltr'>ubi</span> <span class='ocrx_word' id='word_1_145' title='bbox 964 1328 1119 1376; x_wconf 82' lang='lat' dir='ltr'>inlatis</span> <span class='ocrx_word' id='word_1_146' title='bbox 1147 1345 1202 1376; x_wconf 88' lang='lat' dir='ltr'>ex</span> <span class='ocrx_word' id='word_1_147' title='bbox 1228 1336 1503 1377; x_wconf 82' lang='lat' dir='ltr'>transverso</span> <span class='ocrx_word' id='word_1_148' title='bbox 1533 1330 1682 1393; x_wconf 83' lang='lat' dir='ltr'>signis</span> <span class='ocrx_word' id='word_1_149' title='bbox 1710 1331 2030 1394; x_wconf 83' lang='lat' dir='ltr'>degravabant</span> 
     </span>
     <span class='ocr_line' id='line_1_17' title="bbox 280 1397 2027 1463; baseline 0.002 -18"><span class='ocrx_word' id='word_1_150' title='bbox 280 1413 432 1461; x_wconf 89' lang='lat' dir='ltr'>prope</span> <span class='ocrx_word' id='word_1_151' title='bbox 468 1397 847 1445; x_wconf 87' lang='lat' dir='ltr'>circumventum</span> <span class='ocrx_word' id='word_1_152' title='bbox 888 1413 1060 1454; x_wconf 84' lang='lat' dir='ltr'>cornu,</span> <span class='ocrx_word' id='word_1_153' title='bbox 1098 1399 1281 1461; x_wconf 87' lang='lat' dir='ltr'>equites</span> <span class='ocrx_word' id='word_1_154' title='bbox 1318 1399 1519 1447; x_wconf 89' lang='lat' dir='ltr'>duarum</span> <span class='ocrx_word' id='word_1_155' title='bbox 1558 1400 1800 1463; x_wconf 84' lang='lat' dir='ltr'>legionum</span> <span class='ocrx_word' id='word_1_156' title='bbox 1835 1415 1895 1449; x_wconf 83' lang='lat' dir='ltr'>nc</span> <span class='ocrx_word' id='word_1_157' title='bbox 1924 1400 2027 1449; x_wconf 84' lang='lat' dir='ltr'>fere</span> 
     </span>
     <span class='ocr_line' id='line_1_18' title="bbox 279 1467 2027 1534; baseline 0.003 -19"><span class='ocrx_word' id='word_1_158' title='bbox 279 1484 334 1515; x_wconf 81' lang='lat' dir='ltr'>ex</span> <span class='ocrx_word' id='word_1_159' title='bbox 361 1468 496 1529; x_wconf 92' lang='lat' dir='ltr'>equis</span> <span class='ocrx_word' id='word_1_160' title='bbox 525 1467 764 1524; x_wconf 86' lang='lat' dir='ltr'>desiliunt,</span> <span class='ocrx_word' id='word_1_161' title='bbox 791 1468 1167 1532; x_wconf 87' lang='lat' dir='ltr'>cedentibusque</span> <span class='ocrx_word' id='word_1_162' title='bbox 1192 1469 1285 1517; x_wconf 88' lang='lat' dir='ltr'>iam</span> <span class='ocrx_word' id='word_1_163' title='bbox 1314 1469 1414 1517; x_wconf 90' lang='lat' dir='ltr'>suis</span> <span class='ocrx_word' id='word_1_164' title='bbox 1443 1471 1699 1533; x_wconf 87' lang='lat' dir='ltr'>provolant</span> <span class='ocrx_word' id='word_1_165' title='bbox 1722 1471 1770 1518; x_wconf 93' lang='lat' dir='ltr'>in</span> <span class='ocrx_word' id='word_1_166' title='bbox 1799 1469 2027 1534; x_wconf 89' lang='lat' dir='ltr'>primum,</span> 
     </span>
     <span class='ocr_line' id='line_1_19' title="bbox 278 1537 2027 1604; baseline 0.002 -19"><span class='ocrx_word' id='word_1_167' title='bbox 278 1538 514 1599; x_wconf 90' lang='lat' dir='ltr'>simulque</span> <span class='ocrx_word' id='word_1_168' title='bbox 542 1545 589 1584; x_wconf 91' lang='lat' dir='ltr'>et</span> <span class='ocrx_word' id='word_1_169' title='bbox 614 1537 740 1585; x_wconf 87' lang='lat' dir='ltr'>hosti</span> <span class='ocrx_word' id='word_1_170' title='bbox 772 1553 823 1584; x_wconf 91' lang='lat' dir='ltr'>se</span> <span class='ocrx_word' id='word_1_171' title='bbox 852 1546 1111 1601; x_wconf 87' lang='lat' dir='ltr'>opponunt</span> <span class='ocrx_word' id='word_1_172' title='bbox 1135 1545 1179 1587; x_wconf 90' lang='lat' dir='ltr'>et</span> <span class='ocrx_word' id='word_1_173' title='bbox 1206 1546 1404 1601; x_wconf 90' lang='lat' dir='ltr'>aequato</span> <span class='ocrx_word' id='word_1_174' title='bbox 1434 1539 1644 1603; x_wconf 91' lang='lat' dir='ltr'>primum</span> <span class='ocrx_word' id='word_1_175' title='bbox 1674 1540 1904 1603; x_wconf 88' lang='lat' dir='ltr'>pericu10‚</span> <span class='ocrx_word' id='word_1_176' title='bbox 1933 1555 2027 1604; x_wconf 89' lang='lat' dir='ltr'>pu-</span> 
     </span>
    </p>

    <p class='ocr_par' dir='ltr' id='par_1_6' title="bbox 175 1607 2029 1814">
     <span class='ocr_line' id='line_1_20' title="bbox 220 1607 2028 1674; baseline 0.002 -17"><span class='ocrx_word' id='word_1_177' title='bbox 220 1618 245 1657; x_wconf 85' lang='lat'>9</span> <span class='ocrx_word' id='word_1_178' title='bbox 281 1608 399 1656; x_wconf 92' lang='lat' dir='ltr'>dore</span> <span class='ocrx_word' id='word_1_179' title='bbox 425 1607 595 1655; x_wconf 89' lang='lat' dir='ltr'>deinde</span> <span class='ocrx_word' id='word_1_180' title='bbox 630 1607 818 1655; x_wconf 89' lang='lat' dir='ltr'>animos</span> <span class='ocrx_word' id='word_1_181' title='bbox 847 1608 1064 1670; x_wconf 86' lang='lat' dir='ltr'>peditum</span> <span class='ocrx_word' id='word_1_182' title='bbox 1092 1609 1376 1657; x_wconf 90' lang='lat' dir='ltr'>accendunt.</span> <span class='ocrx_word' id='word_1_183' title='bbox 1427 1610 1742 1659; x_wconf 87' lang='lat' dir='ltr'>verecundiae</span> <span class='ocrx_word' id='word_1_184' title='bbox 1767 1617 1867 1660; x_wconf 89' lang='lat' dir='ltr'>erat</span> <span class='ocrx_word' id='word_1_185' title='bbox 1891 1611 2028 1674; x_wconf 88' lang='lat' dir='ltr'>equi-</span> 
     </span>
     <span class='ocr_line' id='line_1_21' title="bbox 277 1677 2026 1744; baseline 0.002 -19"><span class='ocrx_word' id='word_1_186' title='bbox 277 1685 373 1726; x_wconf 84' lang='lat' dir='ltr'>tem</span> <span class='ocrx_word' id='word_1_187' title='bbox 409 1693 498 1725; x_wconf 92' lang='lat' dir='ltr'>suo</span> <span class='ocrx_word' id='word_1_188' title='bbox 535 1677 787 1740; x_wconf 87' lang='lat' dir='ltr'>alienoque</span> <span class='ocrx_word' id='word_1_189' title='bbox 814 1678 962 1726; x_wconf 86' lang='lat' dir='ltr'>Marte</span> <span class='ocrx_word' id='word_1_190' title='bbox 985 1694 1222 1742; x_wconf 84' lang='lat' dir='ltr'>pugnare,</span> <span class='ocrx_word' id='word_1_191' title='bbox 1250 1680 1458 1743; x_wconf 87' lang='lat' dir='ltr'>peditem</span> <span class='ocrx_word' id='word_1_192' title='bbox 1487 1695 1548 1729; x_wconf 91' lang='lat' dir='ltr'>ne</span> <span class='ocrx_word' id='word_1_193' title='bbox 1573 1681 1630 1729; x_wconf 89' lang='lat' dir='ltr'>ad</span> <span class='ocrx_word' id='word_1_194' title='bbox 1659 1681 1806 1744; x_wconf 89' lang='lat' dir='ltr'>pedes</span> <span class='ocrx_word' id='word_1_195' title='bbox 1833 1680 2026 1744; x_wconf 85' lang='lat' dir='ltr'>quidem</span> 
     </span>
     <span class='ocr_line' id='line_1_22' title="bbox 175 1747 2029 1814; baseline 0.002 -18"><span class='ocrx_word' id='word_1_196' title='bbox 175 1751 241 1801; x_wconf 79' lang='lat'>63</span> <span class='ocrx_word' id='word_1_197' title='bbox 277 1748 502 1812; x_wconf 84' lang='lat' dir='ltr'>degresso</span> <span class='ocrx_word' id='word_1_198' title='bbox 540 1747 686 1811; x_wconf 82' lang='lat' dir='ltr'>equiti</span> <span class='ocrx_word' id='word_1_199' title='bbox 722 1763 886 1812; x_wconf 88' lang='lat' dir='ltr'>parem</span> <span class='ocrx_word' id='word_1_200' title='bbox 925 1764 1045 1798; x_wconf 89' lang='lat' dir='ltr'>esse.</span> <span class='ocrx_word' id='word_1_201' title='bbox 1107 1749 1294 1798; x_wconf 87' lang='lat' dir='ltr'>Vadunt</span> <span class='ocrx_word' id='word_1_202' title='bbox 1327 1749 1469 1812; x_wconf 85' lang='lat' dir='ltr'>igitur</span> <span class='ocrx_word' id='word_1_203' title='bbox 1507 1750 1556 1800; x_wconf 92' lang='lat' dir='ltr'>in</span> <span class='ocrx_word' id='word_1_204' title='bbox 1591 1751 1827 1814; x_wconf 88' lang='lat' dir='ltr'>proelium</span> <span class='ocrx_word' id='word_1_205' title='bbox 1855 1751 1913 1799; x_wconf 88' lang='lat' dir='ltr'>ab</span> <span class='ocrx_word' id='word_1_206' title='bbox 1941 1765 2029 1800; x_wconf 90' lang='lat' dir='ltr'>sua</span> 
     </span>
    </p>
   </div>
   <div class='ocr_carea' id='block_1_2' title="bbox 258 1888 1110 3218">
    <p class='ocr_par' dir='ltr' id='par_1_7' title="bbox 258 1888 1103 2050">
     <span class='ocr_line' id='line_1_23' title="bbox 258 1888 1103 1940; baseline 0.001 -13"><span class='ocrx_word' id='word_1_207' title='bbox 258 1888 510 1939; x_wconf 75' lang='lat' dir='ltr'>fortunam,</span> <span class='ocrx_word' id='word_1_208' title='bbox 544 1890 710 1927; x_wconf 73' lang='lat' dir='ltr'>vestros</span> <span class='ocrx_word' id='word_1_209' title='bbox 730 1890 894 1927; x_wconf 81' lang='lat' dir='ltr'>animos</span> <span class='ocrx_word' id='word_1_210' title='bbox 920 1892 1103 1940; x_wconf 80' lang='lat' dir='ltr'>germzt3</span> 
     </span>
     <span class='ocr_line' id='line_1_24' title="bbox 273 1942 1103 1995; baseline 0.002 -13"><span class='ocrx_word' id='word_1_211' title='bbox 273 1943 347 1993; x_wconf 86' lang='lat'>32,</span> <span class='ocrx_word' id='word_1_212' title='bbox 375 1944 444 1992; x_wconf 91' lang='grc'>11,</span> <span class='ocrx_word' id='word_1_213' title='bbox 467 1942 673 1994; x_wconf 85' lang='lat'>5;1‚25‚</span> <span class='ocrx_word' id='word_1_214' title='bbox 696 1943 732 1983; x_wconf 90' lang='grc'>3.</span> <span class='ocrx_word' id='word_1_215' title='bbox 758 1967 810 1972; x_wconf 90' lang='lat'>-—</span> <span class='ocrx_word' id='word_1_216' title='bbox 831 1948 1013 1995; x_wconf 76' lang='lat' dir='ltr'>mature,</span> <span class='ocrx_word' id='word_1_217' title='bbox 1037 1944 1103 1993; x_wconf 83' lang='lat'>22,</span> 
     </span>
     <span class='ocr_line' id='line_1_25' title="bbox 273 1998 436 2050; baseline 0 -12"><span class='ocrx_word' id='word_1_218' title='bbox 273 1998 347 2050; x_wconf 83' lang='lat'>34,</span> <span class='ocrx_word' id='word_1_219' title='bbox 374 2000 436 2038; x_wconf 91' lang='lat'>11.</span> 
     </span>
    </p>

    <p class='ocr_par' dir='ltr' id='par_1_8' title="bbox 267 2055 1110 3218">
     <span class='ocr_line' id='line_1_26' title="bbox 329 2055 1104 2109; baseline 0.003 -15"><span class='ocrx_word' id='word_1_220' title='bbox 329 2056 354 2094; x_wconf 89' lang='grc'>4</span> <span class='ocrx_word' id='word_1_221' title='bbox 372 2078 398 2083; x_wconf 94' lang='grc'>-</span> <span class='ocrx_word' id='word_1_222' title='bbox 415 2056 453 2095; x_wconf 77' lang='lat'>7.</span> <span class='ocrx_word' id='word_1_223' title='bbox 494 2055 736 2109; x_wconf 73' lang='lat' dir='ltr'>disciplina,</span> <span class='ocrx_word' id='word_1_224' title='bbox 780 2057 891 2095; x_wconf 88' lang='lat' dir='ltr'>nicht</span> <span class='ocrx_word' id='word_1_225' title='bbox 932 2055 1104 2106; x_wconf 81' lang='lat' dir='ltr'>Hriegs-</span> 
     </span>
     <span class='ocr_line' id='line_1_27' title="bbox 272 2112 1104 2161; baseline 0.001 -11"><span class='ocrx_word' id='word_1_226' title='bbox 272 2112 415 2159; x_wconf 90' lang='lat' dir='ltr'>zucht,</span> <span class='ocrx_word' id='word_1_227' title='bbox 454 2113 631 2150; x_wconf 86' lang='lat' dir='ltr'>sondern</span> <span class='ocrx_word' id='word_1_228' title='bbox 670 2113 734 2151; x_wconf 87' lang='lat' dir='ltr'>die</span> <span class='ocrx_word' id='word_1_229' title='bbox 772 2125 806 2151; x_wconf 90' lang='lat' dir='ltr'>c.</span> <span class='ocrx_word' id='word_1_230' title='bbox 838 2112 912 2161; x_wconf 90' lang='grc'>61,</span> <span class='ocrx_word' id='word_1_231' title='bbox 955 2112 1001 2150; x_wconf 87' lang='grc'>12</span> <span class='ocrx_word' id='word_1_232' title='bbox 1032 2114 1104 2151; x_wconf 88' lang='lat' dir='ltr'>be-</span> 
     </span>
     <span class='ocr_line' id='line_1_28' title="bbox 272 2166 1103 2219; baseline 0.002 -13"><span class='ocrx_word' id='word_1_233' title='bbox 272 2168 512 2207; x_wconf 87' lang='lat' dir='ltr'>schriebene</span> <span class='ocrx_word' id='word_1_234' title='bbox 555 2168 634 2207; x_wconf 69' lang='lat' dir='ltr'>Art</span> <span class='ocrx_word' id='word_1_235' title='bbox 667 2169 741 2206; x_wconf 88' lang='lat' dir='ltr'>der</span> <span class='ocrx_word' id='word_1_236' title='bbox 781 2166 1103 2219; x_wconf 74' lang='lat' dir='ltr'>Hriegfiihrung.</span> 
     </span>
     <span class='ocr_line' id='line_1_29' title="bbox 270 2224 1106 2276; baseline 0.001 -13"><span class='ocrx_word' id='word_1_237' title='bbox 270 2246 324 2252; x_wconf 91' lang='lat'>—-</span> <span class='ocrx_word' id='word_1_238' title='bbox 365 2224 592 2276; x_wconf 82' lang='lat' dir='ltr'>decerm&#39;q.,</span> <span class='ocrx_word' id='word_1_239' title='bbox 636 2224 711 2262; x_wconf 88' lang='lat' dir='ltr'>den</span> <span class='ocrx_word' id='word_1_240' title='bbox 755 2224 1106 2275; x_wconf 83' lang='lat' dir='ltr'>Entscheidungs-</span> 
     </span>
     <span class='ocr_line' id='line_1_30' title="bbox 271 2278 1106 2333; baseline 0.001 -14"><span class='ocrx_word' id='word_1_241' title='bbox 271 2278 412 2333; x_wconf 82' lang='lat' dir='ltr'>kampf</span> <span class='ocrx_word' id='word_1_242' title='bbox 431 2293 588 2330; x_wconf 83' lang='lat' dir='ltr'>wagen,</span> <span class='ocrx_word' id='word_1_243' title='bbox 622 2281 697 2319; x_wconf 85' lang='lat' dir='ltr'>wie</span> <span class='ocrx_word' id='word_1_244' title='bbox 722 2281 788 2330; x_wconf 93' lang='grc'>21,</span> <span class='ocrx_word' id='word_1_245' title='bbox 812 2281 880 2330; x_wconf 86' lang='grc'>41,</span> <span class='ocrx_word' id='word_1_246' title='bbox 906 2282 944 2320; x_wconf 87' lang='lat'>5.</span> <span class='ocrx_word' id='word_1_247' title='bbox 966 2284 1106 2320; x_wconf 79' lang='lat' dir='ltr'>—1&#39;n-</span> 
     </span>
     <span class='ocr_line' id='line_1_31' title="bbox 272 2336 1110 2390; baseline 0.001 -14"><span class='ocrx_word' id='word_1_248' title='bbox 272 2336 415 2385; x_wconf 80' lang='lat' dir='ltr'>dicem,</span> <span class='ocrx_word' id='word_1_249' title='bbox 439 2336 504 2383; x_wconf 87' lang='lat'>23,</span> <span class='ocrx_word' id='word_1_250' title='bbox 529 2337 594 2387; x_wconf 94' lang='grc'>46,</span> <span class='ocrx_word' id='word_1_251' title='bbox 620 2336 665 2385; x_wconf 87' lang='grc'>2;</span> <span class='ocrx_word' id='word_1_252' title='bbox 690 2336 755 2388; x_wconf 87' lang='grc'>36,</span> <span class='ocrx_word' id='word_1_253' title='bbox 780 2337 846 2384; x_wconf 81' lang='lat'>24,</span> <span class='ocrx_word' id='word_1_254' title='bbox 871 2337 981 2376; x_wconf 86' lang='grc'>6.-</span> <span class='ocrx_word' id='word_1_255' title='bbox 998 2337 1110 2390; x_wconf 83' lang='lat' dir='ltr'>quod</span> 
     </span>
     <span class='ocr_line' id='line_1_32' title="bbox 271 2391 1108 2443; baseline 0 -11"><span class='ocrx_word' id='word_1_256' title='bbox 271 2394 308 2432; x_wconf 87' lang='lat' dir='ltr'>b.</span> <span class='ocrx_word' id='word_1_257' title='bbox 326 2396 442 2443; x_wconf 57' lang='lat' dir='ltr'>vert„</span> <span class='ocrx_word' id='word_1_258' title='bbox 466 2394 542 2432; x_wconf 80' lang='lat' dir='ltr'>wie</span> <span class='ocrx_word' id='word_1_259' title='bbox 566 2407 600 2432; x_wconf 92' lang='lat' dir='ltr'>c.</span> <span class='ocrx_word' id='word_1_260' title='bbox 624 2391 690 2441; x_wconf 87' lang='lat'>35,</span> <span class='ocrx_word' id='word_1_261' title='bbox 714 2392 1108 2433; x_wconf 80' lang='lat' dir='ltr'>8.—deducturum</span> 
     </span>
     <span class='ocr_line' id='line_1_33' title="bbox 272 2449 1105 2498; baseline 0.001 -11"><span class='ocrx_word' id='word_1_262' title='bbox 272 2450 370 2487; x_wconf 83' lang='lat' dir='ltr'>nach</span> <span class='ocrx_word' id='word_1_263' title='bbox 395 2450 468 2487; x_wconf 88' lang='lat' dir='ltr'>der</span> <span class='ocrx_word' id='word_1_264' title='bbox 480 2449 678 2498; x_wconf 72' lang='lat' dir='ltr'>Analogia</span> <span class='ocrx_word' id='word_1_265' title='bbox 697 2462 774 2487; x_wconf 89' lang='lat' dir='ltr'>von</span> <span class='ocrx_word' id='word_1_266' title='bbox 800 2450 1049 2489; x_wconf 80' lang='lat' dir='ltr'>descendere</span> <span class='ocrx_word' id='word_1_267' title='bbox 1065 2452 1105 2488; x_wconf 80' lang='lat' dir='ltr'>in</span> 
     </span>
     <span class='ocr_line' id='line_1_34' title="bbox 267 2506 1104 2556; baseline 0.001 -13"><span class='ocrx_word' id='word_1_268' title='bbox 267 2508 409 2556; x_wconf 78' lang='lat' dir='ltr'>aciem,</span> <span class='ocrx_word' id='word_1_269' title='bbox 431 2506 687 2553; x_wconf 70' lang='lat' dir='ltr'>gewb&#39;bulieh</span> <span class='ocrx_word' id='word_1_270' title='bbox 706 2506 835 2544; x_wconf 87' lang='lat' dir='ltr'>beisst</span> <span class='ocrx_word' id='word_1_271' title='bbox 855 2519 899 2545; x_wconf 88' lang='lat' dir='ltr'>es</span> <span class='ocrx_word' id='word_1_272' title='bbox 918 2506 1104 2545; x_wconf 83' lang='lat' dir='ltr'>educere.</span> 
     </span>
     <span class='ocr_line' id='line_1_35' title="bbox 268 2560 1105 2615; baseline 0.001 -16"><span class='ocrx_word' id='word_1_273' title='bbox 268 2582 323 2588; x_wconf 97' lang='lat'>—</span> <span class='ocrx_word' id='word_1_274' title='bbox 352 2561 489 2612; x_wconf 82' lang='lat' dir='ltr'>quale,</span> <span class='ocrx_word' id='word_1_275' title='bbox 521 2562 603 2610; x_wconf 85' lang='lat' dir='ltr'>vgl.</span> <span class='ocrx_word' id='word_1_276' title='bbox 627 2563 672 2610; x_wconf 84' lang='lat'>5,</span> <span class='ocrx_word' id='word_1_277' title='bbox 703 2561 774 2606; x_wconf 74' lang='lat'>28,</span> <span class='ocrx_word' id='word_1_278' title='bbox 805 2560 1105 2615; x_wconf 85' lang='lat' dir='ltr'>13.—perpe-</span> 
     </span>
     <span class='ocr_line' id='line_1_36' title="bbox 271 2616 1104 2668; baseline 0.001 -13"><span class='ocrx_word' id='word_1_279' title='bbox 271 2620 367 2655; x_wconf 76' lang='lat' dir='ltr'>tuae</span> <span class='ocrx_word' id='word_1_280' title='bbox 384 2616 511 2668; x_wconf 66' lang='lat' dir='ltr'>glor„</span> <span class='ocrx_word' id='word_1_281' title='bbox 535 2618 599 2655; x_wconf 88' lang='lat' dir='ltr'>die</span> <span class='ocrx_word' id='word_1_282' title='bbox 613 2617 785 2657; x_wconf 87' lang='lat' dir='ltr'>Formen</span> <span class='ocrx_word' id='word_1_283' title='bbox 806 2618 880 2655; x_wconf 88' lang='lat' dir='ltr'>der</span> <span class='ocrx_word' id='word_1_284' title='bbox 896 2618 1104 2656; x_wconf 74' lang='lat' dir='ltr'>Attribute</span> 
     </span>
     <span class='ocr_line' id='line_1_37' title="bbox 269 2673 1104 2721; baseline 0.001 -10"><span class='ocrx_word' id='word_1_285' title='bbox 269 2673 357 2711; x_wconf 81' lang='lat' dir='ltr'>sind</span> <span class='ocrx_word' id='word_1_286' title='bbox 395 2673 686 2721; x_wconf 86' lang='lat' dir='ltr'>verschieden,</span> <span class='ocrx_word' id='word_1_287' title='bbox 725 2686 788 2711; x_wconf 88' lang='lat' dir='ltr'>um</span> <span class='ocrx_word' id='word_1_288' title='bbox 818 2673 890 2711; x_wconf 88' lang='lat' dir='ltr'>das</span> <span class='ocrx_word' id='word_1_289' title='bbox 922 2675 1011 2712; x_wconf 90' lang='lat' dir='ltr'>eine</span> <span class='ocrx_word' id='word_1_290' title='bbox 1042 2674 1104 2712; x_wconf 85' lang='lat' dir='ltr'>als</span> 
     </span>
     <span class='ocr_line' id='line_1_38' title="bbox 269 2728 1105 2778; baseline 0.001 -11"><span class='ocrx_word' id='word_1_291' title='bbox 269 2728 706 2778; x_wconf 85' lang='lat' dir='ltr'>charakteristisches‚</span> <span class='ocrx_word' id='word_1_292' title='bbox 749 2730 821 2767; x_wconf 85' lang='lat' dir='ltr'>das</span> <span class='ocrx_word' id='word_1_293' title='bbox 856 2730 1010 2768; x_wconf 83' lang='lat' dir='ltr'>andere</span> <span class='ocrx_word' id='word_1_294' title='bbox 1042 2730 1105 2768; x_wconf 79' lang='lat' dir='ltr'>als</span> 
     </span>
     <span class='ocr_line' id='line_1_39' title="bbox 268 2784 1106 2835; baseline 0.001 -12"><span class='ocrx_word' id='word_1_295' title='bbox 268 2784 658 2834; x_wconf 82' lang='lat' dir='ltr'>voriibergehendes</span> <span class='ocrx_word' id='word_1_296' title='bbox 706 2785 928 2835; x_wconf 79' lang='lat' dir='ltr'>Merkmal,</span> <span class='ocrx_word' id='word_1_297' title='bbox 979 2787 1106 2824; x_wconf 87' lang='lat' dir='ltr'>daher</span> 
     </span>
     <span class='ocr_line' id='line_1_40' title="bbox 269 2840 1105 2893; baseline 0.001 -14"><span class='ocrx_word' id='word_1_298' title='bbox 269 2841 341 2879; x_wconf 86' lang='lat' dir='ltr'>das</span> <span class='ocrx_word' id='word_1_299' title='bbox 368 2840 564 2893; x_wconf 80' lang='lat' dir='ltr'>Particip,</span> <span class='ocrx_word' id='word_1_300' title='bbox 595 2841 901 2891; x_wconf 86' lang='lat' dir='ltr'>darzustellen,</span> <span class='ocrx_word' id='word_1_301' title='bbox 932 2842 1015 2891; x_wconf 88' lang='lat' dir='ltr'>vgl.</span> <span class='ocrx_word' id='word_1_302' title='bbox 1041 2841 1105 2893; x_wconf 84' lang='lat'>26,</span> 
     </span>
     <span class='ocr_line' id='line_1_41' title="bbox 272 2896 1104 2947; baseline 0.002 -12"><span class='ocrx_word' id='word_1_303' title='bbox 272 2896 338 2945; x_wconf 86' lang='lat'>19,</span> <span class='ocrx_word' id='word_1_304' title='bbox 360 2897 408 2945; x_wconf 80' lang='lat'>43</span> <span class='ocrx_word' id='word_1_305' title='bbox 438 2896 504 2946; x_wconf 88' lang='grc'>31,</span> <span class='ocrx_word' id='word_1_306' title='bbox 531 2896 597 2946; x_wconf 83' lang='grc'>46,</span> <span class='ocrx_word' id='word_1_307' title='bbox 628 2897 698 2943; x_wconf 82' lang='grc'>11;</span> <span class='ocrx_word' id='word_1_308' title='bbox 730 2896 796 2943; x_wconf 88' lang='grc'>32,</span> <span class='ocrx_word' id='word_1_309' title='bbox 824 2897 884 2947; x_wconf 85' lang='grc'>15,</span> <span class='ocrx_word' id='word_1_310' title='bbox 907 2897 944 2936; x_wconf 91' lang='grc'>6.</span> <span class='ocrx_word' id='word_1_311' title='bbox 964 2911 1104 2937; x_wconf 86' lang='lat' dir='ltr'>—ae-</span> 
     </span>
     <span class='ocr_line' id='line_1_42' title="bbox 269 2953 1106 3005; baseline 0.002 -14"><span class='ocrx_word' id='word_1_312' title='bbox 269 2966 431 3005; x_wconf 60' lang='lat' dir='ltr'>quem„</span> <span class='ocrx_word' id='word_1_313' title='bbox 475 2955 562 2993; x_wconf 84' lang='lat' dir='ltr'>ihre</span> <span class='ocrx_word' id='word_1_314' title='bbox 592 2953 885 2993; x_wconf 79' lang='lat' dir='ltr'>Schlachtlinie</span> <span class='ocrx_word' id='word_1_315' title='bbox 924 2967 969 2992; x_wconf 90' lang='lat' dir='ltr'>so</span> <span class='ocrx_word' id='word_1_316' title='bbox 1007 2956 1106 2993; x_wconf 86' lang='lat' dir='ltr'>weit</span> 
     </span>
     <span class='ocr_line' id='line_1_43' title="bbox 268 3010 1102 3059; baseline 0.002 -12"><span class='ocrx_word' id='word_1_317' title='bbox 268 3010 523 3059; x_wconf 83' lang='lat' dir='ltr'>ausgedehnt</span> <span class='ocrx_word' id='word_1_318' title='bbox 541 3011 694 3056; x_wconf 86' lang='lat' dir='ltr'>hatten,</span> <span class='ocrx_word' id='word_1_319' title='bbox 710 3011 804 3049; x_wconf 82' lang='lat' dir='ltr'>dass</span> <span class='ocrx_word' id='word_1_320' title='bbox 827 3010 887 3048; x_wconf 88' lang='lat' dir='ltr'>sie</span> <span class='ocrx_word' id='word_1_321' title='bbox 906 3010 979 3048; x_wconf 90' lang='lat' dir='ltr'>der</span> <span class='ocrx_word' id='word_1_322' title='bbox 1002 3012 1102 3049; x_wconf 70' lang='lat' dir='ltr'>rom.</span> 
     </span>
     <span class='ocr_line' id='line_1_44' title="bbox 268 3065 1105 3118; baseline 0.001 -15"><span class='ocrx_word' id='word_1_323' title='bbox 268 3065 400 3115; x_wconf 81' lang='lat' dir='ltr'>gleich</span> <span class='ocrx_word' id='word_1_324' title='bbox 431 3078 530 3104; x_wconf 84' lang='lat' dir='ltr'>war.</span> <span class='ocrx_word' id='word_1_325' title='bbox 554 3088 609 3095; x_wconf 90' lang='lat'><strong>—</strong></span> <span class='ocrx_word' id='word_1_326' title='bbox 631 3066 786 3118; x_wconf 53' lang='lat' dir='ltr'>ordin„</span> <span class='ocrx_word' id='word_1_327' title='bbox 822 3066 894 3105; x_wconf 86' lang='lat' dir='ltr'>das</span> <span class='ocrx_word' id='word_1_328' title='bbox 926 3066 963 3104; x_wconf 93' lang='lat' dir='ltr'>in</span> <span class='ocrx_word' id='word_1_329' title='bbox 998 3065 1105 3105; x_wconf 87' lang='lat' dir='ltr'>Ord-</span> 
     </span>
     <span class='ocr_line' id='line_1_45' title="bbox 269 3120 1103 3174; baseline 0.002 -15"><span class='ocrx_word' id='word_1_330' title='bbox 269 3134 377 3171; x_wconf 86' lang='lat' dir='ltr'>nung</span> <span class='ocrx_word' id='word_1_331' title='bbox 410 3120 677 3172; x_wconf 73' lang='lat' dir='ltr'>ausgestellte</span> <span class='ocrx_word' id='word_1_332' title='bbox 701 3122 822 3162; x_wconf 79' lang='lat' dir='ltr'>Heer.</span> <span class='ocrx_word' id='word_1_333' title='bbox 842 3145 895 3150; x_wconf 93' lang='lat'><strong>—</strong></span> <span class='ocrx_word' id='word_1_334' title='bbox 920 3126 1103 3174; x_wconf 76' lang='lat' dir='ltr'>tenuere,</span> 
     </span>
     <span class='ocr_line' id='line_1_46' title="bbox 268 3177 1104 3218; baseline 0.002 -2"><span class='ocrx_word' id='word_1_335' title='bbox 268 3177 420 3217; x_wconf 78' lang='lat' dir='ltr'>hielten</span> <span class='ocrx_word' id='word_1_336' title='bbox 444 3179 595 3217; x_wconf 82' lang='lat' dir='ltr'>zuriick</span> <span class='ocrx_word' id='word_1_337' title='bbox 621 3179 722 3218; x_wconf 84' lang='lat' dir='ltr'>oder</span> <span class='ocrx_word' id='word_1_338' title='bbox 750 3179 788 3218; x_wconf 88' lang='lat' dir='ltr'>in</span> <span class='ocrx_word' id='word_1_339' title='bbox 814 3177 1104 3218; x_wconf 81' lang='lat' dir='ltr'>Bereitschaft.</span> 
     </span>
    </p>
   </div>
   <div class='ocr_carea' id='block_1_3' title="bbox 325 3232 1098 3287">
    <p class='ocr_par' dir='ltr' id='par_1_9' title="bbox 325 3232 1098 3287">
     <span class='ocr_line' id='line_1_47' title="bbox 325 3232 1098 3287; baseline 0.001 -15"><span class='ocrx_word' id='word_1_340' title='bbox 325 3232 448 3274; x_wconf 84' lang='lat'><strong>8-9.</strong></span> <span class='ocrx_word' id='word_1_341' title='bbox 484 3234 732 3287; x_wconf 56' lang='lat' dir='ltr'>degravab„</span> <span class='ocrx_word' id='word_1_342' title='bbox 770 3235 853 3286; x_wconf 79' lang='lat' dir='ltr'>vgl.</span> <span class='ocrx_word' id='word_1_343' title='bbox 876 3234 922 3287; x_wconf 86' lang='lat'>2,</span> <span class='ocrx_word' id='word_1_344' title='bbox 950 3234 1024 3286; x_wconf 83' lang='lat'>65,</span> <span class='ocrx_word' id='word_1_345' title='bbox 1053 3235 1098 3274; x_wconf 83' lang='lat'>4:</span> 
     </span>
    </p>
   </div>
   <div class='ocr_carea' id='block_1_4' title="bbox 1191 1890 2030 3234">
    <p class='ocr_par' dir='ltr' id='par_1_10' title="bbox 1191 1890 2030 3234">
     <span class='ocr_line' id='line_1_48' title="bbox 1194 1890 2030 1985; baseline 0.002 -2"><span class='ocrx_word' id='word_1_346' title='bbox 1194 1892 1659 1985; x_wconf 43' lang='lat' dir='ltr'>ii&#39;gijpxiof&#39;ifaziiniiem</span> <span class='ocrx_word' id='word_1_347' title='bbox 1674 1901 1854 1985; x_wconf 52' lang='grc' dir='ltr'>Οὲζῖἰῖᾗῑ</span> <span class='ocrx_word' id='word_1_348' title='bbox 1889 1890 2030 1985; x_wconf 49' lang='grc' dir='ltr'>εζιξζῖ</span> 
     </span>
     <span class='ocr_line' id='line_1_49' title="bbox 1197 2000 2027 2052; baseline 0.002 -13"><span class='ocrx_word' id='word_1_349' title='bbox 1197 2000 1342 2052; x_wconf 83' lang='lat' dir='ltr'>Quelle</span> <span class='ocrx_word' id='word_1_350' title='bbox 1369 2000 1657 2051; x_wconf 79' lang='lat' dir='ltr'>hinzugeffigt‚</span> <span class='ocrx_word' id='word_1_351' title='bbox 1694 2003 1743 2041; x_wconf 87' lang='lat' dir='ltr'>da</span> <span class='ocrx_word' id='word_1_352' title='bbox 1774 2002 2027 2052; x_wconf 81' lang='lat' dir='ltr'>wenigstens</span> 
     </span>
     <span class='ocr_line' id='line_1_50' title="bbox 1196 2056 2027 2109; baseline -0.001 -13"><span class='ocrx_word' id='word_1_353' title='bbox 1196 2059 1338 2109; x_wconf 66' lang='lat' dir='ltr'>spiiter</span> <span class='ocrx_word' id='word_1_354' title='bbox 1354 2057 1478 2108; x_wconf 90' lang='lat' dir='ltr'>jeder</span> <span class='ocrx_word' id='word_1_355' title='bbox 1497 2058 1649 2108; x_wconf 85' lang='lat' dir='ltr'>Legion</span> <span class='ocrx_word' id='word_1_356' title='bbox 1668 2058 1923 2108; x_wconf 74' lang='lat' dir='ltr'>gewo&#39;hnlich</span> <span class='ocrx_word' id='word_1_357' title='bbox 1946 2056 2027 2096; x_wconf 89' lang='grc'>300</span> 
     </span>
     <span class='ocr_line' id='line_1_51' title="bbox 1195 2112 2027 2165; baseline 0.002 -13"><span class='ocrx_word' id='word_1_358' title='bbox 1195 2112 1339 2152; x_wconf 84' lang='lat' dir='ltr'>Reiter</span> <span class='ocrx_word' id='word_1_359' title='bbox 1367 2114 1615 2164; x_wconf 83' lang='lat' dir='ltr'>beigcgeben</span> <span class='ocrx_word' id='word_1_360' title='bbox 1639 2115 1829 2165; x_wconf 89' lang='lat' dir='ltr'>wurden,</span> <span class='ocrx_word' id='word_1_361' title='bbox 1857 2126 1890 2154; x_wconf 91' lang='lat' dir='ltr'>s.</span> <span class='ocrx_word' id='word_1_362' title='bbox 1914 2113 1957 2164; x_wconf 90' lang='grc'>8,</span> <span class='ocrx_word' id='word_1_363' title='bbox 1987 2112 2027 2164; x_wconf 90' lang='grc'>8,</span> 
     </span>
     <span class='ocr_line' id='line_1_52' title="bbox 1200 2168 2028 2220; baseline 0.001 -12"><span class='ocrx_word' id='word_1_364' title='bbox 1200 2170 1274 2217; x_wconf 87' lang='grc'>14;</span> <span class='ocrx_word' id='word_1_365' title='bbox 1300 2169 1366 2216; x_wconf 88' lang='grc'>22,</span> <span class='ocrx_word' id='word_1_366' title='bbox 1391 2170 1457 2219; x_wconf 84' lang='grc'>36,</span> <span class='ocrx_word' id='word_1_367' title='bbox 1481 2170 1519 2220; x_wconf 89' lang='grc'>3,</span> <span class='ocrx_word' id='word_1_368' title='bbox 1543 2170 1625 2219; x_wconf 85' lang='lat' dir='ltr'>vgl.</span> <span class='ocrx_word' id='word_1_369' title='bbox 1646 2170 1782 2220; x_wconf 85' lang='lat' dir='ltr'>Lange</span> <span class='ocrx_word' id='word_1_370' title='bbox 1809 2171 1843 2218; x_wconf 93' lang='grc'>1,</span> <span class='ocrx_word' id='word_1_371' title='bbox 1866 2168 2028 2209; x_wconf 89' lang='grc'>389.-</span> 
     </span>
     <span class='ocr_line' id='line_1_53' title="bbox 1197 2224 2028 2280; baseline 0 -16"><span class='ocrx_word' id='word_1_372' title='bbox 1197 2228 1237 2264; x_wconf 78' lang='lat' dir='ltr'>in</span> <span class='ocrx_word' id='word_1_373' title='bbox 1258 2229 1400 2280; x_wconf 65' lang='lat' dir='ltr'>prim„</span> <span class='ocrx_word' id='word_1_374' title='bbox 1424 2239 1457 2266; x_wconf 90' lang='lat' dir='ltr'>s.</span> <span class='ocrx_word' id='word_1_375' title='bbox 1480 2226 1526 2277; x_wconf 89' lang='lat'>2,</span> <span class='ocrx_word' id='word_1_376' title='bbox 1550 2226 1624 2276; x_wconf 87' lang='grc'>20,</span> <span class='ocrx_word' id='word_1_377' title='bbox 1651 2226 1721 2274; x_wconf 83' lang='grc' dir='ltr'>1ος</span> <span class='ocrx_word' id='word_1_378' title='bbox 1745 2226 1797 2265; x_wconf 89' lang='lat' dir='ltr'>ib.</span> <span class='ocrx_word' id='word_1_379' title='bbox 1821 2224 1889 2275; x_wconf 84' lang='lat'>46,</span> <span class='ocrx_word' id='word_1_380' title='bbox 1913 2225 1949 2264; x_wconf 92' lang='grc'>7.</span> <span class='ocrx_word' id='word_1_381' title='bbox 1972 2247 2028 2254; x_wconf 95' lang='lat'>—-</span> 
     </span>
     <span class='ocr_line' id='line_1_54' title="bbox 1196 2281 2027 2334; baseline -0.001 -13"><span class='ocrx_word' id='word_1_382' title='bbox 1196 2286 1374 2334; x_wconf 83' lang='lat' dir='ltr'>aequato</span> <span class='ocrx_word' id='word_1_383' title='bbox 1416 2288 1512 2332; x_wconf 68' lang='lat' dir='ltr'>etc„</span> <span class='ocrx_word' id='word_1_384' title='bbox 1567 2282 1767 2330; x_wconf 87' lang='lat' dir='ltr'>dadurch,</span> <span class='ocrx_word' id='word_1_385' title='bbox 1819 2281 1914 2320; x_wconf 85' lang='lat' dir='ltr'>dass</span> <span class='ocrx_word' id='word_1_386' title='bbox 1965 2281 2027 2320; x_wconf 80' lang='lat' dir='ltr'>sic</span> 
     </span>
     <span class='ocr_line' id='line_1_55' title="bbox 1197 2337 2028 2388; baseline -0.001 -11"><span class='ocrx_word' id='word_1_387' title='bbox 1197 2340 1329 2377; x_wconf 85' lang='lat' dir='ltr'>selbst</span> <span class='ocrx_word' id='word_1_388' title='bbox 1350 2339 1387 2376; x_wconf 94' lang='lat' dir='ltr'>in</span> <span class='ocrx_word' id='word_1_389' title='bbox 1413 2338 1596 2388; x_wconf 78' lang='lat' dir='ltr'>gleicher</span> <span class='ocrx_word' id='word_1_390' title='bbox 1618 2337 1760 2376; x_wconf 85' lang='lat' dir='ltr'>Weise</span> <span class='ocrx_word' id='word_1_391' title='bbox 1785 2337 1852 2385; x_wconf 91' lang='lat' dir='ltr'>(zu</span> <span class='ocrx_word' id='word_1_392' title='bbox 1875 2337 2028 2388; x_wconf 83' lang='lat' dir='ltr'>Fussc)</span> 
     </span>
     <span class='ocr_line' id='line_1_56' title="bbox 1197 2391 2028 2444; baseline 0 -12"><span class='ocrx_word' id='word_1_393' title='bbox 1197 2395 1283 2433; x_wconf 86' lang='lat' dir='ltr'>sich</span> <span class='ocrx_word' id='word_1_394' title='bbox 1325 2395 1399 2433; x_wconf 90' lang='lat' dir='ltr'>der</span> <span class='ocrx_word' id='word_1_395' title='bbox 1435 2391 1589 2433; x_wconf 77' lang='lat' dir='ltr'>Gefahr</span> <span class='ocrx_word' id='word_1_396' title='bbox 1627 2399 1890 2444; x_wconf 85' lang='lat' dir='ltr'>aussetzten,</span> <span class='ocrx_word' id='word_1_397' title='bbox 1931 2399 2028 2433; x_wconf 84' lang='lat' dir='ltr'>ent-</span> 
     </span>
     <span class='ocr_line' id='line_1_57' title="bbox 1195 2449 2027 2502; baseline 0.001 -14"><span class='ocrx_word' id='word_1_398' title='bbox 1195 2452 1398 2488; x_wconf 77' lang='lat' dir='ltr'>flammten</span> <span class='ocrx_word' id='word_1_399' title='bbox 1423 2450 1507 2496; x_wconf 81' lang='lat' dir='ltr'>sie3</span> <span class='ocrx_word' id='word_1_400' title='bbox 1531 2453 1707 2502; x_wconf 74' lang='lat' dir='ltr'>aequato</span> <span class='ocrx_word' id='word_1_401' title='bbox 1725 2450 1779 2488; x_wconf 85' lang='lat' dir='ltr'>ist</span> <span class='ocrx_word' id='word_1_402' title='bbox 1799 2450 1872 2489; x_wconf 86' lang='lat' dir='ltr'>des</span> <span class='ocrx_word' id='word_1_403' title='bbox 1891 2449 2027 2489; x_wconf 83' lang='lat' dir='ltr'>Nach-</span> 
     </span>
     <span class='ocr_line' id='line_1_58' title="bbox 1195 2505 2027 2560; baseline 0.002 -16"><span class='ocrx_word' id='word_1_404' title='bbox 1195 2506 1346 2544; x_wconf 87' lang='lat' dir='ltr'>drucks</span> <span class='ocrx_word' id='word_1_405' title='bbox 1371 2518 1512 2553; x_wconf 71' lang='lat' dir='ltr'>wegen</span> <span class='ocrx_word' id='word_1_406' title='bbox 1533 2519 1607 2545; x_wconf 92' lang='lat' dir='ltr'>vor</span> <span class='ocrx_word' id='word_1_407' title='bbox 1626 2508 1827 2560; x_wconf 79' lang='lat' dir='ltr'>primum,</span> <span class='ocrx_word' id='word_1_408' title='bbox 1849 2505 1929 2545; x_wconf 88' lang='lat' dir='ltr'>wie</span> <span class='ocrx_word' id='word_1_409' title='bbox 1948 2518 2027 2560; x_wconf 82' lang='lat' dir='ltr'>pu-</span> 
     </span>
     <span class='ocr_line' id='line_1_59' title="bbox 1196 2561 2027 2616; baseline 0.001 -15"><span class='ocrx_word' id='word_1_410' title='bbox 1196 2562 1297 2601; x_wconf 88' lang='lat' dir='ltr'>dore</span> <span class='ocrx_word' id='word_1_411' title='bbox 1319 2575 1394 2601; x_wconf 92' lang='lat' dir='ltr'>vor</span> <span class='ocrx_word' id='word_1_412' title='bbox 1416 2562 1562 2602; x_wconf 79' lang='lat' dir='ltr'>deinde</span> <span class='ocrx_word' id='word_1_413' title='bbox 1577 2562 1762 2612; x_wconf 85' lang='lat' dir='ltr'>gestellt.</span> <span class='ocrx_word' id='word_1_414' title='bbox 1779 2584 1834 2591; x_wconf 89' lang='lat'>—</span> <span class='ocrx_word' id='word_1_415' title='bbox 1848 2561 2027 2616; x_wconf 83' lang='lat' dir='ltr'>pudore,</span> 
     </span>
     <span class='ocr_line' id='line_1_60' title="bbox 1195 2618 2027 2669; baseline 0.001 -12"><span class='ocrx_word' id='word_1_416' title='bbox 1195 2619 1254 2657; x_wconf 86' lang='lat' dir='ltr'>sie</span> <span class='ocrx_word' id='word_1_417' title='bbox 1278 2618 1529 2667; x_wconf 81' lang='lat' dir='ltr'>bewirkten‚</span> <span class='ocrx_word' id='word_1_418' title='bbox 1553 2620 1648 2658; x_wconf 86' lang='lat' dir='ltr'>dass</span> <span class='ocrx_word' id='word_1_419' title='bbox 1671 2620 1735 2658; x_wconf 88' lang='lat' dir='ltr'>dic</span> <span class='ocrx_word' id='word_1_420' title='bbox 1759 2618 2027 2669; x_wconf 72' lang='lat' dir='ltr'>Fussgiinger</span> 
     </span>
     <span class='ocr_line' id='line_1_61' title="bbox 1193 2674 2025 2727; baseline 0.001 -14"><span class='ocrx_word' id='word_1_421' title='bbox 1193 2675 1317 2713; x_wconf 87' lang='lat' dir='ltr'>durch</span> <span class='ocrx_word' id='word_1_422' title='bbox 1334 2674 1476 2714; x_wconf 86' lang='lat' dir='ltr'>Scham</span> <span class='ocrx_word' id='word_1_423' title='bbox 1495 2676 1911 2727; x_wconf 80' lang='lat' dir='ltr'>enlllammtwurden,</span> <span class='ocrx_word' id='word_1_424' title='bbox 1929 2687 2025 2714; x_wconf 81' lang='lat' dir='ltr'>s.zu</span> 
     </span>
     <span class='ocr_line' id='line_1_62' title="bbox 1194 2730 2025 2786; baseline 0.004 -18"><span class='ocrx_word' id='word_1_425' title='bbox 1194 2730 1260 2780; x_wconf 87' lang='grc'>21,</span> <span class='ocrx_word' id='word_1_426' title='bbox 1280 2730 1345 2777; x_wconf 81' lang='grc'>58,</span> <span class='ocrx_word' id='word_1_427' title='bbox 1374 2731 1887 2786; x_wconf 74' lang='lat' dir='ltr'>2.—pugnare—parem</span> <span class='ocrx_word' id='word_1_428' title='bbox 1911 2744 2025 2780; x_wconf 78' lang='lat' dir='ltr'>ene3</span> 
     </span>
     <span class='ocr_line' id='line_1_63' title="bbox 1194 2785 2026 2828; baseline 0.001 -3"><span class='ocrx_word' id='word_1_429' title='bbox 1194 2788 1269 2826; x_wconf 91' lang='lat' dir='ltr'>der</span> <span class='ocrx_word' id='word_1_430' title='bbox 1292 2785 1363 2826; x_wconf 83' lang='lat' dir='ltr'>lnf.</span> <span class='ocrx_word' id='word_1_431' title='bbox 1395 2788 1459 2827; x_wconf 87' lang='lat' dir='ltr'>bei</span> <span class='ocrx_word' id='word_1_432' title='bbox 1481 2788 1751 2828; x_wconf 77' lang='lat' dir='ltr'>verecundiae</span> <span class='ocrx_word' id='word_1_433' title='bbox 1779 2790 1846 2827; x_wconf 78' lang='lat' dir='ltr'>est</span> <span class='ocrx_word' id='word_1_434' title='bbox 1864 2786 2026 2827; x_wconf 74' lang='lat' dir='ltr'>enthiilt</span> 
     </span>
     <span class='ocr_line' id='line_1_64' title="bbox 1196 2843 2022 2895; baseline 0.001 -14"><span class='ocrx_word' id='word_1_435' title='bbox 1196 2849 1314 2882; x_wconf 83' lang='lat' dir='ltr'>sonst</span> <span class='ocrx_word' id='word_1_436' title='bbox 1332 2845 1441 2883; x_wconf 86' lang='lat' dir='ltr'>nicht</span> <span class='ocrx_word' id='word_1_437' title='bbox 1459 2845 1546 2895; x_wconf 85' lang='lat' dir='ltr'>das,</span> <span class='ocrx_word' id='word_1_438' title='bbox 1569 2857 1653 2883; x_wconf 80' lang='lat' dir='ltr'>was</span> <span class='ocrx_word' id='word_1_439' title='bbox 1672 2845 1930 2893; x_wconf 82' lang='lat' dir='ltr'>cingetretcn</span> <span class='ocrx_word' id='word_1_440' title='bbox 1954 2843 2022 2893; x_wconf 83' lang='lat' dir='ltr'>ist,</span> 
     </span>
     <span class='ocr_line' id='line_1_65' title="bbox 1195 2898 2022 2950; baseline 0.001 -13"><span class='ocrx_word' id='word_1_441' title='bbox 1195 2901 1373 2939; x_wconf 89' lang='lat' dir='ltr'>sondern</span> <span class='ocrx_word' id='word_1_442' title='bbox 1388 2931 1398 2950; x_wconf 95' lang='lat'>,</span> <span class='ocrx_word' id='word_1_443' title='bbox 1430 2913 1515 2940; x_wconf 84' lang='lat' dir='ltr'>was</span> <span class='ocrx_word' id='word_1_444' title='bbox 1542 2901 1642 2939; x_wconf 79' lang='lat' dir='ltr'>noch</span> <span class='ocrx_word' id='word_1_445' title='bbox 1664 2900 1894 2949; x_wconf 83' lang='lat' dir='ltr'>geschehcn</span> <span class='ocrx_word' id='word_1_446' title='bbox 1917 2898 2022 2947; x_wconf 81' lang='lat' dir='ltr'>soll3</span> 
     </span>
     <span class='ocr_line' id='line_1_66' title="bbox 1194 2954 2023 3007; baseline 0 -13"><span class='ocrx_word' id='word_1_447' title='bbox 1194 2957 1296 2995; x_wconf 82' lang='lat' dir='ltr'>auch</span> <span class='ocrx_word' id='word_1_448' title='bbox 1320 2970 1357 2995; x_wconf 86' lang='lat' dir='ltr'>a.</span> <span class='ocrx_word' id='word_1_449' title='bbox 1380 2970 1418 2996; x_wconf 93' lang='lat' dir='ltr'>u.</span> <span class='ocrx_word' id='word_1_450' title='bbox 1437 2956 1498 2997; x_wconf 86' lang='lat' dir='ltr'>St.</span> <span class='ocrx_word' id='word_1_451' title='bbox 1521 2957 1576 2995; x_wconf 86' lang='lat' dir='ltr'>ist</span> <span class='ocrx_word' id='word_1_452' title='bbox 1595 2956 1668 2995; x_wconf 88' lang='lat' dir='ltr'>der</span> <span class='ocrx_word' id='word_1_453' title='bbox 1687 2954 2023 3007; x_wconf 76' lang='lat' dir='ltr'>Hauptgedanke,</span> 
     </span>
     <span class='ocr_line' id='line_1_67' title="bbox 1195 3010 2023 3065; baseline -0.001 -14"><span class='ocrx_word' id='word_1_454' title='bbox 1195 3013 1290 3051; x_wconf 86' lang='lat' dir='ltr'>dass</span> <span class='ocrx_word' id='word_1_455' title='bbox 1322 3014 1381 3052; x_wconf 88' lang='lat' dir='ltr'>sie</span> <span class='ocrx_word' id='word_1_456' title='bbox 1419 3010 1603 3065; x_wconf 81' lang='lat' dir='ltr'>tapferer</span> <span class='ocrx_word' id='word_1_457' title='bbox 1638 3010 1824 3064; x_wconf 67' lang='lat' dir='ltr'>kiimpfen</span> <span class='ocrx_word' id='word_1_458' title='bbox 1857 3011 2023 3061; x_wconf 77' lang='lat' dir='ltr'>wellen,</span> 
     </span>
     <span class='ocr_line' id='line_1_68' title="bbox 1194 3066 2022 3119; baseline 0.001 -13"><span class='ocrx_word' id='word_1_459' title='bbox 1194 3069 1277 3118; x_wconf 88' lang='lat' dir='ltr'>vgl.</span> <span class='ocrx_word' id='word_1_460' title='bbox 1301 3069 1366 3118; x_wconf 86' lang='lat'>24,</span> <span class='ocrx_word' id='word_1_461' title='bbox 1391 3068 1459 3119; x_wconf 86' lang='lat'>42,</span> <span class='ocrx_word' id='word_1_462' title='bbox 1482 3069 1521 3108; x_wconf 88' lang='grc'>9.</span> <span class='ocrx_word' id='word_1_463' title='bbox 1538 3090 1593 3098; x_wconf 82' lang='grc'><strong>-</strong></span> <span class='ocrx_word' id='word_1_464' title='bbox 1608 3081 1686 3108; x_wconf 79' lang='lat' dir='ltr'>suo</span> <span class='ocrx_word' id='word_1_465' title='bbox 1708 3068 1761 3108; x_wconf 85' lang='lat' dir='ltr'>al.</span> <span class='ocrx_word' id='word_1_466' title='bbox 1781 3066 1931 3115; x_wconf 77' lang='lat' dir='ltr'>Marte,</span> <span class='ocrx_word' id='word_1_467' title='bbox 1956 3067 2022 3107; x_wconf 82' lang='lat' dir='ltr'>dic</span> 
     </span>
     <span class='ocr_line' id='line_1_69' title="bbox 1193 3123 2022 3164; baseline 0 -1"><span class='ocrx_word' id='word_1_468' title='bbox 1193 3125 1311 3163; x_wconf 86' lang='lat' dir='ltr'>ibnen</span> <span class='ocrx_word' id='word_1_469' title='bbox 1364 3126 1444 3164; x_wconf 87' lang='lat' dir='ltr'>und</span> <span class='ocrx_word' id='word_1_470' title='bbox 1497 3125 1676 3164; x_wconf 78' lang='lat' dir='ltr'>anderen</span> <span class='ocrx_word' id='word_1_471' title='bbox 1729 3123 2022 3163; x_wconf 77' lang='lat' dir='ltr'>zukommende</span> 
     </span>
     <span class='ocr_line' id='line_1_70' title="bbox 1191 3177 2020 3234; baseline 0.001 -16"><span class='ocrx_word' id='word_1_472' title='bbox 1191 3178 1420 3234; x_wconf 76' lang='lat' dir='ltr'>Rampfart,</span> <span class='ocrx_word' id='word_1_473' title='bbox 1441 3181 1524 3232; x_wconf 82' lang='lat' dir='ltr'>vgl.</span> <span class='ocrx_word' id='word_1_474' title='bbox 1545 3194 1582 3220; x_wconf 89' lang='lat' dir='ltr'>c.</span> <span class='ocrx_word' id='word_1_475' title='bbox 1605 3180 1671 3231; x_wconf 86' lang='lat'>70,</span> <span class='ocrx_word' id='word_1_476' title='bbox 1693 3180 1740 3229; x_wconf 90' lang='grc'>4;</span> <span class='ocrx_word' id='word_1_477' title='bbox 1767 3179 1898 3232; x_wconf 72' lang='lat' dir='ltr'>Marq.</span> <span class='ocrx_word' id='word_1_478' title='bbox 1920 3178 1959 3231; x_wconf 88' lang='lat'>3,</span> <span class='ocrx_word' id='word_1_479' title='bbox 1983 3177 2020 3227; x_wconf 87' lang='lat'>2,</span> 
     </span>
    </p>
   </div>
   <div class='ocr_carea' id='block_1_5' title="bbox 2174 0 2221 3537">
    <p class='ocr_par' dir='ltr' id='par_1_11' title="bbox 2174 0 2221 3537">
     <span class='ocr_line' id='line_1_71' title="bbox 2174 0 2221 3537; baseline 0 0"><span class='ocrx_word' id='word_1_480' title='bbox 2174 0 2221 3537; x_wconf 95' lang='lat' dir='ltr'> </span> 
     </span>
    </p>
   </div>
  </div>
 </body>
</html>
