2221 3537
687 229 848 272 LIBER
880 230 950 271 lv.
1011 230 1128 272 CAP.
1162 232 1229 273 21.
1250 233 1316 273 22.

118 254 155 279 ι.
183 244 251 280 ch.
266 245 344 278 «aa.
359 245 436 278 4³5.
1784 234 1881 285 187

120 361 207 413 sed
234 361 361 412 ultro
388 359 657 415 Fidenates,
687 359 769 422 qui
803 374 855 407 se
882 359 1041 422 primo
1071 360 1168 422 [aut
1187 361 1387 423 oppido]
1418 370 1498 410 aut
1524 361 1774 412 montibus
1800 370 1884 412 aut
1922 371 1943 409 7

118 431 276 483 muris
300 437 568 489 tenuerant,
593 429 926 495 populabundi
952 429 1305 479 descenderent
1331 431 1378 478 in
1399 448 1567 494 agrum
1590 433 1882 483 Romanum.

117 502 294 553 deinde
320 501 588 550 Veientium
621 501 833 549 exercitu
866 501 1016 550 accito
1043 527 1112 535 —-
1146 515 1259 549 nam
1287 501 1456 550 Falisci
1493 504 1689 566 perpelli
1719 505 1775 552 ad
1805 505 1881 553 in-
1920 511 1944 551 S

116 572 436 623 mutandum
479 571 657 621 bellum
700 586 857 635 neque
900 571 1033 620 clade
1069 571 1408 620 Romanorum
1445 587 1599 636 neque
1634 576 1881 624 sociorum

114 641 344 709 precibus
378 649 581 706 potuere
612 671 681 677 ——
717 642 814 691 duo
843 641 1011 707 populi
1038 642 1272 691 transiere
1300 642 1559 700 Anienem,
1588 652 1727 708 atque
1756 646 1882 694 haud

114 712 288 779 procul
320 713 502 763 Collina
546 719 686 778 porta
722 712 858 776 signa
891 712 1116 762 habuere.
1174 713 1468 777 trepidatum
1507 714 1666 778 itaque
1697 731 1796 763 non
1833 717 1880 765 in
1918 724 1942 763 9

115 783 243 848 agris
269 784 425 848 magis
452 799 596 849 quam
624 784 673 832 in
699 783 819 832 urbe
846 790 935 833 est.
990 783 1139 834 Iulius
1168 784 1339 833 consul
1368 785 1414 832 in
1442 800 1613 848 aggere
1635 786 1884 849 murisque

115 854 320 919 explicat
361 855 550 920 copias,
585 871 610 904 a
646 854 869 918 Verginio
909 862 1105 904 senatus
1141 855 1191 903 in
1226 856 1342 904 aede
1369 855 1558 914 Quirini
1595 857 1881 905 consulitur.

115 925 404 975 dictatorem
443 926 535 975 dici
570 928 626 985 Q.
662 925 914 975 Servilium
952 926 1129 990 placet,
1167 927 1242 975 cui
1271 926 1440 975 Prisco
1469 926 1563 985 alii,
1584 927 1659 976 alii
1689 931 1881 978 Structo

113 995 269 1046 fuisse
311 1011 585 1060 cognomen
629 997 841 1046 tradunt.
906 996 1156 1060 Verginius
1186 997 1302 1046 dum
1339 998 1570 1061 collegam
1610 999 1883 1048 consuleret
1925 1008 1972 1048 10

112 1072 362 1125 moratuS‚
400 1069 712 1132 permittente
746 1083 803 1116 eo
834 1074 976 1116 nocte
1008 1068 1294 1117 dictatorem
1333 1069 1466 1117 dixit.
1527 1070 1566 1117 is
1602 1069 1692 1117 sibi
1729 1070 1882 1134 magi·

114 1144 272 1187 strum
301 1138 520 1202 equitum
548 1140 840 1188 Postumum
868 1138 1126 1187 Aebutium
1155 1138 1353 1187 Helvam
1382 1139 1510 1188 dicit.

256 1208 470 1258 Dictator
506 1224 678 1258 omnes
711 1210 818 1258 luce
852 1209 1007 1273 prima
1041 1217 1172 1257 extra
1208 1216 1401 1273 portam
1440 1210 1671 1258 Collinam
1710 1210 1882 1258 adesse
1921 1215 1987 1265 22

109 1278 258 1328 iubet.
309 1279 703 1343 quibuscumque
730 1279 856 1327 vires
885 1278 1209 1342 subpetebant
1236 1280 1294 1328 ad
1316 1294 1449 1328 arma
1468 1280 1664 1329 ferenda
1686 1290 1880 1344 praesto

110 1348 262 1399 fuere.
322 1349 457 1414 signa
491 1366 547 1399 ex
582 1349 768 1399 aerario
796 1347 1037 1414 {prompta
1071 1351 1293 1399 seruntur
1320 1350 1378 1399 ad
1407 1350 1709 1400 dictatorem.
1761 1367 1882 1416 quae
1919 1366 1943 1405 2

112 1434 225 1470 cum
252 1427 522 1484 agerentur,
549 1421 716 1470 hostes
745 1421 792 1469 in
814 1421 917 1470 loca
945 1420 1116 1470 altiora
1143 1436 1444 1470 concessere.
1491 1437 1547 1471 eo
1569 1421 1778 1471 dictator
1797 1438 1882 1485 ag-

111 1491 244 1540 mine
287 1491 463 1540 infesto
509 1492 659 1551 subit,
695 1507 784 1541 nec
831 1492 1002 1556 procul
1038 1492 1282 1541 Nomento
1329 1492 1480 1556 signis
1519 1493 1724 1542 conlatis
1761 1494 1884 1543 fudit

110 1561 342 1611 Etruscas
369 1562 607 1626 legiones;
635 1563 854 1627 conpulit
880 1562 990 1612 inde
1017 1564 1067 1612 in
1094 1563 1266 1612 urbem
1288 1563 1510 1621 FidenaS,
1538 1564 1756 1627 valloque
1785 1564 1881 1613 cir·

111 1633 372 1682 cumdedit.
423 1633 507 1682 sed
529 1648 685 1698 neque
713 1633 853 1683 scalis
881 1634 986 1698 capi
1012 1641 1205 1699 poterat
1230 1634 1348 1683 urbs
1376 1635 1467 1683 alta
1495 1642 1540 1684 et
1567 1635 1765 1694 munita,
1792 1650 1880 1684 ne·
1917 1647 1941 1687 3

111 1717 204 1769 que
238 1704 287 1752 in
324 1703 580 1753 obsidione
615 1705 684 1753 vis
721 1705 813 1754 ulla
839 1712 956 1763 erat,
998 1705 1109 1769 quia
1147 1705 1448 1755 frumentum
1476 1720 1576 1754 non
1603 1706 1878 1755 necessitati

107 1773 259 1825 modo
287 1774 421 1834 satiS,
450 1775 537 1825 sed
565 1775 734 1839 copiae
761 1791 956 1840 quoque
981 1776 1175 1826 abunde
1203 1793 1259 1826 ex
1286 1783 1394 1826 ante
1416 1785 1647 1826 convecto
1670 1777 1880 1827 sufficie-

1040 1917 1109 1967 46,
1137 1918 1200 1958 10.
1213 1940 1269 1947 —
1287 1919 1433 1959 Prisco
1450 1942 1477 1946 —
1493 1916 1681 1968 Structo,
1700 1919 1765 1958 die
1783 1919 1882 1959 Ser·

1041 1974 1165 2014 vilier
1202 1975 1343 2015 hatten
1382 1975 1500 2014 beide
1530 1975 1763 2027 Zuuamen,
1802 1978 1881 2016 und

1041 2031 1108 2071 die
1149 2031 1395 2072 Annalisten
1438 2032 1619 2071 meinten
1668 2034 1742 2072 mit
1790 2033 1880 2072 dem

1041 2088 1161 2127 einen
1181 2089 1260 2128 wie
1282 2089 1356 2129 mit
1377 2089 1467 2128 dem
1489 2089 1672 2129 anderen
1696 2089 1881 2129 dieselbe

110 1917 224 1956 met
242 1914 339 1955 ulli
357 1917 553 1968 negotio,
581 1914 659 1955 sed
679 1917 808 1956 etiam
829 1919 879 1957 ut
897 1929 950 1956 ne

108 1971 405 2021 intercederet,
442 1972 528 2022 vgl.
551 1972 605 2011 ib.
629 1971 674 2023 6,
705 1972 753 2023 4,
784 1973 828 2012 4;
865 1986 949 2013 non

107 2028 236 2070 modo
262 2028 383 2069 dolor
408 2028 573 2077 nullum
604 2028 705 2069 Bell.
729 2027 857 2069 Afric.
881 2029 950 2080 47,

109 2086 155 2125 4:
183 2098 269 2125 non
295 2085 419 2126 modo
448 2087 532 2126 sibi
549 2087 771 2139 queicquam
797 2099 902 2136 non,
922 2108 951 2117 ο

107 2141 186 2182 eod
212 2144 353 2182 etiam.
382 2165 436 2171 —-
457 2146 533 2183 aut
559 2144 792 2194 montibus,
822 2156 856 2182 c.
885 2143 949 2192 17,
1039 2143 1214 2185 Person.
1236 2168 1291 2174 —
1313 2149 1455 2195 nocte,
1485 2159 1518 2186 s.
1549 2145 1594 2194 8,
1627 2145 1701 2198 23,
1731 2146 1796 2185 15.
1837 2169 1883 2175 -

113 2198 283 2249 11319,
314 2198 363 2247 63
393 2198 545 2253 Hygini
568 2198 710 2239 Grou.
732 2201 782 2240 de
807 2200 950 2239 limiti·
1039 2202 1168 2240 sibi—
1189 2201 1311 2252 dicit,
1341 2215 1373 2242 s.
1410 2202 1480 2251 10,
1509 2201 1547 2254 3,
1578 2202 1623 2241 3:
1654 2205 1736 2243 sibi
1762 2203 1879 2256 legit,

106 2254 185 2295 bus
216 2262 352 2296 const.
380 2269 420 2309 p.
453 2256 551 2295 197:
580 2259 746 2310 antiqui
771 2259 950 2311 propter
1039 2259 1300 2309 gewo'bulich
1324 2271 1401 2298 nur
1422 2258 1572 2299 dicere.

107 2313 251 2353 subita
272 2312 474 2352 bellorum
498 2313 686 2367 pericula
705 2326 788 2353 uon
811 2313 950 2353 sotum

107 2373 233 2410 erant
252 2371 380 2410 urbes
408 2372 596 2410 contenti
612 2373 782 2422 cingere
801 2373 949 2419 mun‘s,

105 2438 254 2467 verum
275 2428 403 2466 etiam
422 2426 514 2466 loca
534 2440 690 2481 aspera
712 2430 753 2466 et
772 2428 949 2480 confra-

1098 2363 1185 2411 22.
1231 2371 1300 2410 1-
1321 2371 1360 2411 3.
1399 2375 1509 2412 extr.
1532 2386 1573 2426 p.
1600 2370 1665 2422 C.‚
1696 2385 1729 2413 s.
1754 2385 1787 2411 c.
1812 2372 1878 2419 21,

1041 2428 1079 2469 8.
1104 2450 1159 2457 -—
1180 2429 1490 2481 quibuscumq„
1519 2429 1622 2468 aucb
1651 2429 1716 2468 die
1738 2430 1880 2468 senio-

104 2496 230 2578 goso
247 2486 368 2524 saa-is
398 2482 630 2536 eligebant,
658 2484 731 2523 ubi
753 2483 835 2524 iuis
860 2497 951 2524 am-

105 2538 347 2593 piissimum
375 2540 747 2594 propugnaculum
775 2544 887 2580 esset
909 2544 951 2581 et

108 2608 245 2693 ¹psa
240 2595 323 2636 loci
358 2600 529 2636 natura.
570 2619 627 2626 —
665 2601 743 2638 aut
791 2597 949 2652 ορριᾱα

153 2653 245 2692 blt
236 2666 274 2692 ιιι
297 2652 373 2691 der
390 2651 543 2692 Veron.
562 2653 662 2693 Hds.
683 2654 764 2694 und
788 2656 950 2695 scheiut

108 2709 174 2749 ein
197 2707 390 2749 Glossem
413 2722 465 2748 zu
486 2712 624 2750 morie
653 2723 705 2750 zu
727 2712 832 2751 sein.

166 2765 192 2805 8
212 2789 240 2794 -
261 2765 302 2804 9.
344 2764 479 2814 clade,
502 2766 567 2805 die
591 2765 704 2807 Pest.
723 2789 781 2797 —
800 2767 884 2809 duo
903 2781 947 2823 p.

109 2822 212 2862 meh
235 2822 502 2872 Veientium,
525 2836 558 2862 s.
582 2822 630 2862 21
649 2854 660 2873 ,
684 2823 726 2874 1,
749 2823 795 2872 3;
819 2823 886 2874 23,
908 2824 948 2874 6,

112 2878 217 2919 1.-
232 2892 410 2932 aggere,
434 2880 468 2927 1,
489 2879 556 2929 44,
574 2879 677 2919 3.—
694 2880 798 2921 aede
817 2880 948 2932 Quin,

106 2934 183 2976 auf
205 2936 297 2976 dem
327 2935 576 2988 Quirinalis3
608 2942 727 2976 sonst
760 2949 949 2978 versa--

106 2992 211 3033 molt
231 2993 317 3033 sich
340 2994 415 3032 der
436 2992 596 3032 Senat
587 3006 625 3032 ιιι
649 2994 726 3033 deu
750 2992 947 3047 Tempeln

106 3061 175 3091 ιιιιι
198 3050 272 3089 das
290 3048 442 3090 Forum
460 3050 562 3089 oder
577 3047 755 3090 eusdem
773 3050 950 3103 Capitol,

106 3105 191 3157 vgl.
210 3105 277 3158 23,
295 3105 361 3157 32,
380 3105 426 3153 3·
448 3106 660 3154 Becker-1,
681 3107 785 3154 5703
810 3106 948 3158 Lange

108 3160 158 3213 2,
185 3161 282 3203 347.
310 3184 361 3192 —
380 3164 562 3219 placuit,
593 3166 666 3204 das
696 3164 949 3204 Senatseon-

110 3217 211 3271 nult,
232 3219 327 3260 dass
349 3232 414 3260 ein
427 3220 620 3260 Dictator
634 3221 816 3272 gewa'hlt
838 3233 947 3261 wer-

109 3274 304 3317 densoll.
326 3276 453 3328 -ρ,
473 3276 618 3328 Seru,
655 3290 688 3318 s.
721 3291 756 3318 e.
787 3276 861 3328 26,
900 3278 946 3326 7;

1040 2499 1121 2537 res,
1142 2498 1262 2524 wenn
1286 2486 1347 2525 sie
1371 2486 1482 2525 nicht
1499 2485 1701 2525 erkrankt
1723 2498 1880 2526 waren.

1038 2566 1088 2572 —
1116 2557 1173 2583 eoe
1192 2555 1296 2593 aer„
1319 2542 1358 2593 3,
1381 2541 1448 2592 69,
1472 2542 1510 2583 S.
1528 2566 1582 2572 —
1603 2542 1761 2582 altiora
1780 2542 1823 2591 1.,
1846 2555 1880 2590 c,

1043 2600 1113 2651 17,
1156 2599 1219 2639 ll.
1250 2621 1306 2629 —-
1334 2599 1420 2639 alta
1450 2614 1484 2639 e.
1515 2613 1594 2648 m.,
1632 2598 1792 2639 Fidenii
1815 2601 1882 2650 lag

1038 2655 1113 2697 aus
1136 2657 1227 2696 dem
1254 2656 1613 2707 unzuga'nglichen
1637 2655 1771 2707 Hiigel
1801 2670 1879 2695 von

1039 2713 1181 2754 Cestel
1204 2712 1397 2753 Giubileo
1429 2714 1510 2753 und
1533 2714 1664 2753 einem
1688 2726 1768 2752 von
1792 2714 1880 2752 die·

1040 2783 1128 2810 sem
1158 2771 1309 2810 iistlicb
1339 2771 1593 2821 gelegenen,
1616 2770 1698 2809 und
1730 2783 1817 2809 war
1840 2772 1878 2809 in

1042 2825 1245 2868 derTiel'e
1268 2828 1477 2867 zwischen
1497 2827 1643 2867 beiden
1669 2826 1785 2865 stark
1810 2827 1881 2865 be·

1040 2882 1200 2935 sestigt.
1233 2905 1289 2913 -
1319 2897 1427 2939 cop„
1469 2897 1560 2923 zum
1598 2882 1880 2933 Ueberssusse,

1040 2941 1293 2981 reicblichen
1335 2940 1590 2990 Gebrauche,
1631 2939 1756 2990 hiingt
1798 2952 1878 2979 von

1037 2997 1206 3038 abunde
1224 2997 1470 3051 sufficiebat
1489 2997 1556 3043 ab,
1590 2997 1668 3035 wie
1696 2999 1879 3036 necesse·-

1040 3057 1121 3094 tati
1140 3068 1220 3094 von
1243 3058 1351 3094 satis
1372 3054 1542 3107 suffitu,
1566 3053 1648 3102 vgl.
1674 3052 1778 3092 Ptin.
1805 3053 1879 3105 Ep.

1038 3111 1086 3159 4,
1115 3111 1185 3162 12,
1216 3111 1259 3150 5:
1290 3114 1478 3164 quanm-is
1500 3108 1667 3149 abunde
1687 3110 1881 3162 sufficiat

1037 3167 1098 3208 illi
1116 3173 1222 3208 σίας
1248 3168 1299 3207 ib.
1329 3169 1370 3216 1,
1394 3167 1467 3213 24,
1491 3167 1531 3205 4.
1554 3188 1607 3195 —
1630 3180 1687 3206 ea·
1707 3170 1807 3206 ante
1828 3179 1880 3218 c.,

1038 3224 1090 3264 da
1112 3237 1203 3264 man
1234 3225 1320 3264 sich
1343 3224 1496 3262 vorber
1525 3225 1727 3263 ver-seben
1749 3224 1880 3273 hatte,

1040 3281 1088 3333 5,
1111 3280 1183 3330 26,
1207 3280 1257 3321 9:
1291 3293 1382 3321 eum
1400 3281 1685 3333 frumentum
1712 3283 1879 3336 copiae-
