2221 3537
123 298 158 325 a.
184 288 253 323 ch.
278 288 357 321 ³90.
757 276 920 318 LIBER
941 276 1004 318 .V.
1066 276 1182 318 CAP.
1207 277 1275 318 53.
1789 280 1887 330 357

119 404 246 454 enim
280 403 536 469 reliquisse
568 403 800 464 victores,
829 404 913 454 sed
950 403 1174 454 amisisse
1207 405 1315 454 victi
1351 406 1554 470 patriam
1592 406 1885 457 videbimur:

117 474 214 525 hoc
240 475 299 524 ad
326 475 477 524 Aliam
496 474 624 538 fuga,
647 474 741 525 hoc
763 481 901 539 capta
922 474 1057 532 urbs,
1081 474 1174 522 lioc
1195 475 1574 525 circumsessum
1598 476 1884 541 Capitolium

115 544 419 595 necessitatis
447 544 740 608 inposuisse,
768 552 821 594 ut
847 545 1183 593 desereremus
1207 552 1407 608 penates
1430 554 1644 605 nostroS,
1665 548 1884 597 exilium-

117 630 211 680 que
234 630 288 664 ac
312 613 477 677 fugam
508 614 650 663 nobis
677 631 731 664 ex
768 631 824 664 eo
863 615 970 663 loco
1000 614 1442 674 conscisceremus,
1472 633 1614 681 quem
1639 619 1759 666 tueri
1782 633 1881 667 non

114 699 397 750 possemus,
447 690 496 732 et
531 683 647 734 Galli
682 691 892 734 evertere
927 691 1192 749 potuerunt
1227 684 1456 743 Romam,
1493 703 1637 751 quam
1676 688 1881 738 Romani

113 754 370 804 restituere
397 768 496 803 non
533 754 822 804 videbuntur
848 753 1108 818 potuisse?
1149 755 1261 819 quid
1291 763 1460 815 restat,
1495 758 1586 805 nisi
1613 765 1689 814 ut,
1718 759 1756 807 si
1786 759 1879 807 iam

112 824 253 875 novis
279 825 433 890 copiis
461 825 652 874 veniant
677 855 745 860 -—
771 832 964 874 constat
987 826 1113 874 enim
1137 826 1210 874 vix
1232 826 1502 875 credibilem
1526 828 1881 877 multitudinem

113 911 223 946 esse
248 924 316 931 —
342 902 388 944 et
415 895 627 944 habitare
653 896 702 945 in
730 903 863 960 capta
886 896 943 945 ab
966 912 1034 954 se,
1056 896 1244 944 deserta
1266 913 1290 945 a
1312 897 1449 946 vobis
1471 898 1563 946 hac
1584 897 1704 946 urbe
1723 898 1881 958 velint,

113 964 320 1016 sinatis?
359 963 514 1030 quid?
554 966 593 1014 si
622 982 721 1015 non
749 966 866 1015 Galli
894 967 1010 1023 hoc,
1039 967 1125 1015 sed
1155 973 1335 1015 veteres
1365 968 1532 1017 hostes
1562 968 1704 1017 vestri
1731 969 1880 1034 Aequi

110 1036 327 1086 Volscive
352 1036 540 1094 faciant,
567 1043 618 1085 ut
645 1038 968 1100 commigrent
993 1037 1215 1094 Romam,
1245 1038 1458 1087 velitisne
1485 1038 1590 1087 illos
1612 1039 1881 1098 Romanos,

109 1122 197 1156 vos
220 1107 441 1156 Veientes
468 1104 612 1155 esse?
642 1122 699 1155 an
722 1108 897 1156 malitis
921 1108 1044 1156 lianc
1065 1108 1373 1156 solitudinem
1398 1116 1606 1157 vestram
1631 1125 1775 1173 quam
1796 1125 1879 1160 ur-

108 1177 219 1227 bem
254 1177 470 1226 hostium
506 1176 653 1226 esse?
693 1192 792 1226 non
827 1177 1050 1242 equidem
1092 1177 1252 1237 video,
1290 1179 1406 1242 quid
1444 1180 1595 1241 magis
1632 1180 1766 1228 nefas
1801 1180 1878 1230 sit.

107 1248 227 1298 haec
246 1248 442 1309 scelera,
466 1248 573 1311 quia
595 1248 725 1312 piget
745 1248 1015 1306 aedificare,
1037 1248 1154 1296 haec
1175 1248 1409 1297 dedecora
1431 1250 1527 1313 pati
1551 1251 1705 1313 parati
1727 1249 1879 1299 estis?

108 1317 150 1366 si
185 1323 285 1367 tota
319 1317 441 1367 urbe
474 1318 658 1366 nullum
687 1318 857 1366 melius
887 1318 1155 1381 ampliusve
1181 1325 1360 1366 tectum
1391 1319 1493 1367 fieri
1521 1320 1705 1383 possit,
1733 1336 1877 1384 quam

109 1403 218 1438 casa
252 1387 328 1436 illa
357 1387 626 1437 conditoris
653 1394 726 1436 est
751 1388 937 1442 nostri,
968 1402 1070 1435 non
1097 1388 1148 1436 in
1175 1388 1299 1436 casis
1327 1388 1422 1437 ritu
1450 1396 1704 1453 pastorum
1733 1405 1878 1452 agre—

108 1458 355 1522 stiumque
380 1457 594 1506 habitare
621 1464 693 1506 est
715 1458 866 1507 satius
888 1459 1013 1507 inter
1034 1473 1168 1506 sacra
1190 1465 1486 1524 penatesque
1508 1466 1709 1508 nostros
1733 1476 1877 1524 quam

107 1528 346 1578 exulatum
370 1528 557 1592 publice
577 1526 680 1576 ire?
708 1528 918 1578 maiores
938 1528 1112 1584 nostri,
1141 1543 1382 1577 convenae
1408 1537 1741 1594 pastoresque,
1769 1547 1878 1580 cum

106 1600 156 1648 in
191 1599 267 1649 his
301 1598 423 1648 locis
460 1598 580 1648 niliil
607 1606 796 1663 praeter
823 1600 965 1648 silvas
993 1598 1290 1664 paludesque
1318 1608 1469 1659 esset,
1504 1616 1677 1649 novam
1707 1602 1877 1650 urbem

159 1793 272 1834 5-6.
312 1797 435 1847 capta
463 1807 504 1834 u.
538 1818 567 1822 —
587 1797 784 1834 circums.
813 1795 877 1844 (3.,
903 1794 941 1844 3,

103 1849 171 1901 50,
195 1849 233 1890 3.
258 1873 308 1879 -
331 1853 601 1891 necessitatis
616 1852 764 1902 gehb'rt
783 1864 832 1890 zu
852 1852 941 1890 dem

101 1904 340 1947 dreifaclien
389 1908 478 1947 hoc.
524 1929 579 1936 —-
624 1911 664 1947 ei
711 1906 819 1948 Galli
860 1913 940 1947 etc.

103 1960 249 2016 kniipft
285 1963 349 2003 die
387 1963 628 2014 Erkliirung
663 1964 736 2004 des
779 1963 944 2014 Gegen-

102 2024 262 2060 satzes:
289 2017 416 2061 Gallis
434 2021 547 2074 glor.
568 2023 633 2060 est
648 2032 713 2060 an.
731 2043 786 2049 —
801 2034 941 2074 quam,

101 2076 300 2116 wiihrend
344 2089 389 2116 es
433 2078 509 2116 den
555 2077 762 2116 Anschein
810 2076 939 2116 haben

101 2133 206 2172 wird
236 2146 275 2173 u.
306 2146 340 2173 s.
371 2145 447 2181 w.;
477 2133 580 2173 doch
612 2134 725 2172 wiire
752 2134 827 2173 der
854 2132 943 2173 Ge-

100 2188 235 2229 danke
276 2190 666 2241 uachdriickliclier,
709 2202 826 2229 wenu
868 2191 942 2230 mit

99 2243 268 2296 Madvig
278 2247 564 2298 quartigetilgt
575 2246 802 2298 wiirde,die
820 2245 941 2286 Form

101 2301 214 2342 wiire
243 2302 348 2342 daun
380 2303 458 2342 wie
489 2302 532 2354 3,
567 2302 638 2352 19,
669 2302 706 2342 9.
738 2326 790 2331 —
822 2305 941 2342 not-is

98 2370 212 2413 cop„
241 2370 337 2398 cum
377 2359 530 2398 konnte
568 2359 606 2397 iu
639 2359 793 2399 diesem
823 2359 941 2399 Falle

100 2415 213 2454 nicht
233 2415 401 2465 stehen,
426 2415 507 2465 vgl.
535 2413 571 2464 3,
595 2414 662 2465 23,
696 2415 735 2454 1:
760 2418 899 2468 Aequi
916 2439 941 2444 —

99 2469 260 2523 reliquo
291 2474 483 2512 eoeercitu
512 2471 630 2511 haud
654 2473 808 2527 procul
826 2485 941 2511 moe-

97 2528 224 2567 uibus
259 2525 431 2568 Tusculi
457 2527 703 2577 cousidunt3
735 2528 778 2579 8,
811 2529 857 2578 2,
889 2530 937 2568 5:

104 2582 168 2632 10,
192 2583 231 2633 5,
253 2582 302 2632 43
326 2583 393 2635 21,
415 2583 481 2633 30,
506 2584 529 2623 8
551 2597 590 2625 u.
614 2597 650 2624 8.

159 2639 197 2679 7.
250 2639 387 2679 velitis
429 2663 456 2668 -
490 2652 543 2679 an
578 2640 742 2681 nealitis
779 2641 940 2681 enthiilt

99 2696 225 2735 sehon
249 2696 314 2736 dic
336 2697 598 2746 Andeutung,
621 2697 717 2736 dass
739 2697 811 2736 das
834 2698 938 2737 Eine

99 2751 203 2792 eben
234 2765 280 2792 so
312 2753 559 2805 schimpllich
592 2753 652 2792 sei
674 2753 736 2793 als
760 2754 832 2793 das
854 2755 939 2794 An·

98 2809 217 2860 dere,
247 2821 335 2849 was
366 2809 404 2849 in
434 2821 515 2848 uon
550 2809 737 2862 equidem
762 2815 842 2849 etc.
866 2810 937 2850 be-

99 2865 256 2905 stimmt
272 2866 605 2918 ausgesprochen
631 2866 749 2905 wird.
774 2888 830 2895 —
851 2865 936 2906 Ro-

97 2934 270 2973 manos,
300 2922 375 2962 der
405 2922 636 2961 ruhmvolle
661 2922 787 2962 Name
811 2923 864 2961 ist
886 2935 936 2962 an

98 2978 166 3017 die
209 2984 333 3018 unter
376 2979 602 3029 gottlicher
643 2979 938 3029 Beistimmung

96 3034 354 3084 gegriiudete
376 3036 498 3074 stadt
518 3033 731 3088 gekniipst.
755 3057 810 3064 —
831 3035 938 3075 lianc

98 3091 237 3142 solit„
267 3093 368 3131 nach
394 3092 510 3132 einer
530 3092 838 3143 gewiilmliclien
862 3091 937 3131 At-

99 3147 298 3189 traction:
329 3149 425 3188 dass
455 3149 595 3188 dieser
617 3148 713 3195 Ort,
738 3148 838 3187 aber
860 3161 936 3188 nur

98 3203 162 3242 als
192 3204 283 3243 eine
315 3204 490 3255 Wiiste‚
529 3205 662 3244 lieber
696 3206 735 3243 in
769 3217 933 3244 euerem

99 3260 267 3300 Besitze
297 3262 380 3310 sei,
411 3262 474 3301 als
501 3262 596 3301 dass
619 3262 684 3300 die
708 3261 830 3300 stadt
852 3274 932 3300 von

99 3317 177 3356 den
206 3316 390 3358 Feinden
425 3319 583 3358 wieder
618 3318 764 3358 erbaut
796 3318 933 3357 werde

1035 1796 1115 1835 und
1148 1796 1268 1834 ihnen
1301 1796 1466 1845 gehiire.
1500 1818 1553 1824 —
1577 1796 1677 1849 quid
1696 1810 1811 1850 mog.
1836 1811 1873 1837 n.

1034 1853 1097 1892 als
1119 1853 1183 1891 die
1209 1852 1350 1891 beiden
1375 1858 1608 1902 genannten
1633 1853 1779 1905 Dioge,
1804 1855 1877 1894 da-

1036 1910 1109 1949 her
1132 1909 1242 1947 nicht
1265 1912 1424 1948 utrum.

1093 1965 1204 2004 8-9.
1238 1978 1336 2004 casa
1356 1965 1438 2012 illa,
1463 1965 1528 2004 die
1552 1966 1811 2017 Strohhiitte,
1835 1966 1874 2006 iu

1035 2021 1219 2061 welcher
1248 2020 1362 2060 Rom.
1394 2022 1589 2072 gewohnt
1619 2022 1750 2062 haben
1781 2023 1874 2074 soll,

1034 2078 1139 2117 wird
1173 2078 1425 2128 gewiihnlich
1456 2076 1530 2117 auf
1551 2079 1615 2118 die
1640 2078 1876 2119 VVestseite

1035 2135 1106 2174 des
1131 2133 1345 2174 Palatinus
1367 2140 1569 2187 versent,
1599 2148 1631 2174 S.
1657 2135 1818 2175 Becker
1843 2135 1877 2186 1,

1034 2189 1138 2229 418:
1175 2191 1276 2230 doch
1308 2192 1364 2230 ist
1393 2203 1437 2230 es
1466 2192 1875 2241 wahrsclieinlicher,

1033 2248 1129 2286 dass
1174 2259 1211 2286 a.
1254 2260 1294 2286 u.
1332 2247 1394 2286 St.
1431 2248 1496 2286 die
1532 2248 1605 2287 mit
1641 2247 1767 2287 Str-oh
1804 2248 1874 2287 be-

1034 2303 1183 2342 deckte
1222 2306 1344 2355 regia
1374 2302 1543 2343 Romuli
1580 2301 1654 2343 auf
1677 2304 1768 2343 dem
1797 2304 1876 2344 Ca-

1035 2359 1164 2412 pitole
1193 2360 1375 2409 gemeint
1404 2360 1485 2410 sei,
1525 2359 1650 2410 ver-g.
1683 2365 1728 2409 b,
1766 2360 1871 2409 6543

1034 2415 1068 2454 V
1075 2418 1141 2455 itr.
1172 2415 1214 2467 6,
1252 2416 1291 2455 1:
1321 2419 1419 2456 item
1450 2418 1489 2455 in
1526 2416 1731 2471 Capitolio
1760 2430 1872 2457 com-

1032 2473 1304 2524 monefacere
1347 2476 1488 2527 potest
1536 2476 1578 2512 et
1624 2474 1874 2527 siguificare

1031 2542 1172 2569 mores
1210 2532 1434 2569 vetustatis
1465 2528 1634 2569 Romuli
1667 2542 1786 2579 casa,
1823 2530 1872 2569 da

1032 2586 1148 2625 diese
1194 2586 1294 2624 eber
1336 2586 1524 2625 erlialten
1570 2586 1658 2625 sein
1703 2585 1873 2635 konnte,

1031 2641 1274 2692 Schwegler
1300 2641 1334 2691 1,
1359 2639 1476 2681 393f.
1499 2665 1551 2670 —
1569 2656 1651 2682 non
1672 2642 1722 2681 im
1741 2641 1874 2682 Nach-

1030 2704 1148 2738 satze
1179 2704 1282 2737 statt
1317 2712 1454 2738 norme
1489 2697 1618 2738 findet
1654 2699 1737 2737 sich
1768 2699 1869 2737 auch

1029 2754 1066 2807 4,
1090 2755 1129 2805 4,
1155 2755 1200 2802 ῖς
1224 2755 1292 2804 40,
1320 2755 1383 2806 14,
1407 2755 1448 2804 4,
1471 2755 1553 2804 vgl.
1574 2754 1656 2794 Cic.
1681 2753 1806 2793 Tusc.
1835 2755 1869 2802 1,

1030 2811 1151 2862 8,1·1
1176 2825 1215 2850 u.
1238 2824 1274 2851 a.
1298 2835 1351 2840 -—-
1375 2813 1461 2851 ritu
1482 2814 1608 2864 past„
1636 2811 1669 2861 1,
1693 2809 1730 2856 8,
1753 2809 1791 2849 2.
1815 2832 1871 2839 --

1024 2869 1209 2921 publice,
1249 2867 1575 2917 Uebersiedlung
1610 2864 1684 2905 aus
1707 2867 1868 2906 Anord-

1030 2937 1140 2975 nung
1158 2925 1229 2963 des
1247 2924 1428 2963 stantes.
1441 2946 1490 2951 —
1503 2936 1625 2974 quam
1639 2946 1662 2950 -
1675 2924 1753 2971 ire,
1771 2936 1803 2962 s.
1818 2936 1869 2962 zu

1028 2978 1074 3031 2,
1101 2981 1171 3030 15,
1197 2981 1240 3027 23
1267 2980 1366 3018 Sall.
1391 2978 1419 3019 l.
1444 2978 1509 3026 20,
1534 2981 1580 3018 5:
1606 2978 1690 3018 Cic.
1715 2980 1803 3019 Ait.
1828 2978 1866 3027 2,

1029 3037 1096 3086 20,
1121 3036 1159 3076 2.
1179 3059 1232 3065 —
1250 3048 1469 3083 convenae,
1498 3036 1529 3086 1,
1554 3036 1600 3074 6:
1625 3036 1672 3076 9:
1698 3035 1735 3079 2,
1763 3036 1796 3075 1.
1813 3057 1867 3064 —

1028 3093 1176 3142 sili-os,
1202 3093 1265 3131 die
1292 3093 1421 3141 Berge
1445 3104 1606 3141 waren,
1637 3092 1716 3130 wie
1740 3092 1864 3130 sehon

1027 3150 1092 3188 die
1116 3149 1269 3189 Numen
1301 3149 1466 3197 zeigen:
1502 3148 1867 3200 Querquetulatms

1027 3205 1247 3254 (Caelius-33
1310 3204 1561 3250 Ve'rnae‘nale‘s3
1625 3203 1867 3256 Esquilinus

1028 3261 1272 3313 (aesculus),
1302 3262 1340 3300 in
1372 3262 1446 3300 der
1468 3260 1614 3301 Urzeit
1644 3260 1864 3300 hewaldet.

1026 3341 1077 3346 ——
1100 3316 1297 3372 paludes,
1324 3318 1364 3367 1,
1400 3317 1471 3357 12:
1497 3317 1563 3358 38.
1583 3339 1639 3346 -—
1661 3318 1794 3369 brea-i,
1828 3317 1861 3367 1,

1915 1545 1939 1584 9
