2912 4368
507 1042 509 1045 ’
568 1055 632 1106 et,
660 1047 779 1114 quid
806 1047 900 1098 sibi
925 1047 1116 1106 vellent,
1143 1046 1377 1111 rogitare,
1416 1064 1441 1109 q

495 3134 502 3136 ,
564 3087 680 3146 pidz's
701 3089 816 3142 reb„
844 3101 882 3130 c.
906 3087 987 3143 17
1094 3149 1131 3156 ᾖ·
1168 3132 1177 3145 ,7

1160 627 1321 669 LIBER
1356 628 1423 667 {M
1492 627 1556 668 tP.
1587 628 1739 671 13.14.
2225 631 2321 681 173

569 654 602 677 a.
631 644 700 679 012.
727 643 806 676 439.

570 763 776 815 eandam
822 765 1057 827 quantum
1100 758 1248 808 animi
1287 758 1451 809 haben
1496 798 1501 805 .
1564 773 1690 823 opus
1727 774 1836 808 esse
1872 773 1974 808 non
2008 759 2125 809 forti
2159 760 2321 811 solum

573 835 674 885 viro
709 832 795 884 sed
822 833 965 882 etiam
1007 830 1162 880 libero
1199 832 1426 881 exsoluto
1522 830 1684 895 legum
1721 831 1908 880 vinclis,
1961 832 2123 896 itaque
2160 849 2211 882 se
2248 834 2321 882 di-

573 912 811 956 ctatorem
841 904 893 953 L.
922 902 1209 963 Quinctium
1239 903 1448 952 dicturui
1501 902 1565 950 ibi
1594 902 1813 951 animum
1848 917 2015 965 parem
2043 910 2203 953 tantae
2230 920 2323 969 po-

569 975 735 1027 testati
779 991 905 1026 esse.
974 974 1364 1041 adprobantibus
1408 990 1446 1023 ci
1498 973 1556 1022 tis
1606 973 1768 1039 primo
1816 974 2074 1033 Quinctius
2113 975 2324 1025 abnuere

1493 1062 1535 1094 se
1562 1051 1716 1094 aetate
1743 1051 1906 1095 exacta
1933 1051 2094 1094 tantae
2121 1047 2323 1097 dimica-

568 1120 693 1170 tioni
722 1119 990 1171 obicerent.
1043 1118 1174 1179 dein,
1204 1135 1315 1169 cum
1348 1119 1443 1167 und
1498 1136 1520 1167 e
1548 1118 1657 1183 plus
1687 1117 1737 1166 in
1764 1117 1843 1166 illo
1874 1116 2016 1166 senili
2038 1117 2203 1166 animo
2224 1134 2324 1167 non

572 1191 765 1243 consilii
802 1192 952 1242 modo
989 1192 1078 1241 sed
1112 1190 1259 1241 etiam
1287 1191 1447 1240 virtuti
1498 1206 1577 1239 sse
1606 1205 1753 1255 quam
1782 1190 1831 1239 in
1860 1188 2091 1239 omnibus
2119 1189 2222 1238 aliis
2250 1190 2326 1238 di-

569 1269 751 1323 cerent,
778 1263 1106 1329 laudibusque
1130 1263 1261 1313 haud
1290 1264 1445 1312 inmer
1519 1267 1796 1321 onerarent,
1827 1268 1873 1311 et
1901 1261 2074 1311 consul
2101 1261 2223 1311 nihil
2248 1277 2325 1311 re-

570 1335 813 1396 mitteret,
852 1342 1080 1401 precatus
1114 1336 1311 1385 tandem
1350 1336 1439 1384 deo
1490 1335 1754 1384 ¹imortales
1789 1333 2126 1393 CincinnatuS,
2154 1348 2216 1383 ne
2243 1350 2327 1383 se-

569 1413 744 1458 nectus
781 1424 871 1458 sua
904 1407 955 1457 in
989 1414 1089 1458 tam
1115 1408 1320 1473 trepidis
1349 1408 1446 1455 reb}
1490 1407 1666 1455 damno
1697 1406 1982 1455 dedecorive
2010 1406 2079 1454 rei
2107 1405 2327 1471 publicae

568 1485 716 1541 esset,
739 1479 947 1530 dictator
972 1496 999 1529 a
1021 1481 1222 1530 consule
1245 1480 1434 1530 dicitur.
1498 1495 1550 1528 se
1579 1479 1754 1528 deinde
1772 1478 1822 1528 C.
1846 1477 2103 1527 Servilium
2121 1477 2323 1528 Ahalam

569 1551 861 1618 magistrum
889 1551 1110 1616 equitum
1140 1551 1271 1601 dicit.

710 1623 924 1672 Postero
952 1622 1029 1671 die
1056 1622 1315 1688 dispositis
1339 1638 1444 1687 pra(
1499 1622 1556 1670 iis
1581 1636 1693 1670 cum
1715 1620 1765 1669 in
1785 1620 1950 1669 forum
1975 1619 2325 1680 descendisset,

566 1708 905 1760 conversaque
932 1693 981 1743 in
1008 1709 1122 1744 eum
1150 1693 1287 1760 plebs
1317 1695 1445 1743 novit
1517 1692 1585 1741 rei
1613 1708 1667 1741 ac
1694 1691 1929 1741 miraculo
1949 1688 2103 1751 esset,
2133 1698 2179 1740 et
2197 1692 2326 1741 Mae-

566 1766 680 1817 liani
715 1772 862 1832 atque
888 1766 996 1832 ipse
1024 1766 1121 1816 dux
1150 1782 1324 1817 eorum
1352 1768 1401 1815 in
1429 1783 1443 1813 s
1489 1771 1703 1814 ntentam
1731 1763 1828 1812 vim
1850 1763 1971 1812 tanti
1999 1763 2191 1828 imperii
2220 1780 2326 1813 cer-

567 1844 770 1898 nerent,
810 1846 1036 1904 expertes
1073 1838 1397 1889 consiliorum
1434 1856 1445 1887 1
1490 1838 1554 1896 ii,
1593 1836 1674 1901 qui
1700 1835 1957 1895 tumultuS,
1987 1835 2119 1900 quod
2147 1835 2324 1885 bellum

567 1925 747 1976 repens
783 1917 867 1961 aut
898 1910 1211 1961 dictatoriam
1247 1911 1439 1960 maiestz
1488 1926 1513 1957 (ι
1552 1915 1635 1958 aut
1662 1908 1946 1968 Quinctium
1981 1913 2099 1971 post
2126 1914 2326 1973 octoge-

2363 843 2412 883 12

2367 1132 2415 1171 13

2368 1347 2418 1387 14

2367 1628 2432 1676 14

2366 1850 2389 1890 2

566 1982 750 2034 simum
778 1998 961 2032 annum
989 1989 1233 2033 rectorem
1260 1983 1332 2033 rei
1361 1984 1441 2047 pul
1490 1998 1540 2030 ae
1567 1979 1859 2045 quaesisset,
1887 1979 2172 2042 rogitarent,
2202 1980 2324 2029 mis-
2364 1993 2387 2034 3

567 2070 652 2105 sus
689 2054 750 2105 ab
787 2055 1021 2105 dictatore
1058 2055 1291 2105 Servilius
1328 2071 1437 2119 mag
1489 2069 1522 2102 *r
1557 2053 1778 2117 equitum
1807 2052 1866 2102 ad
1893 2050 2117 2101 Maelium
2150 2059 2326 2110 „vocat

566 2132 648 2177 te“
687 2125 851 2192 inquit
887 2127 1187 2186 ‚‚dictator“.
1235 2143 1346 2177 cum
1384 2144 1443 2192 pa
1495 2140 1548 2174 us
1585 2124 1686 2183 ille,
1716 2124 1830 2188 quid
1869 2123 2028 2182 vellet,
2061 2132 2327 2187 quaereret,

565 2198 900 2264 Serviliusque
933 2214 1130 2250 causam
1159 2199 1418 2249 dicendam
1491 2214 1514 2247 e
1542 2201 1845 2262 proponeret
1871 2195 2157 2259 crimenque
2184 2212 2209 2245 a
2235 2196 2326 2245 Mi-

1491 2346 1607 2379 iannt
1625 2340 1685 2379 sei
1703 2338 1927 2379 seditionis
1944 2338 2159 2379 sedandae
2181 2350 2327 2389 causa,

1483 2399 1581 2448 liegt
1612 2398 1737 2436 ihnen
1776 2409 1881 2448 ganz
1920 2395 2026 2438 fern.
2058 2420 2112 2425 —
2143 2398 2328 2447 maiest„

565 2355 646 2382 zur
675 2341 862 2393 Anzeige
891 2340 1055 2393 bringt,
1088 2342 1132 2390 1,
1169 2341 1241 2394 16,
1274 2342 1319 2391 ὃς
1356 2344 1423 2392 22,

567 2399 644 2452 55,
676 2399 716 2439 7.
741 2421 796 2429 —
817 2399 950 2440 libero
987 2404 1091 2450 etc.,
1129 2399 1425 2449 Bezeichnung

566 2457 641 2497 des
681 2455 957 2509 Magistrates
996 2457 1102 2496 ohne
1140 2456 1422 2498 Provocation
1487 2457 1543 2495 lie
1568 2456 1740 2495 hochste
1759 2454 1955 2503 Stellung
1976 2455 2029 2494 im
2047 2454 2209 2494 Staate.
2252 2453 2328 2493 Die

564 2513 1129 2564 undVerantwortlichkeit‚
1153 2515 1203 2555 da
1227 2515 1423 2555 derselbe
1483 2512 1833 2563 Verwunderung
1855 2512 1971 2551 hatte
1994 2525 2059 2552 uin
2084 2525 2130 2552 so
2153 2514 2330 2562 gro’sser

565 2572 670 2612 iiber
696 2573 789 2612 dem
821 2571 1008 2613 Gesetze
1039 2572 1176 2623 steht3
1215 2574 1317 2612 nach
1351 2574 1425 2611 der
1483 2571 1565 2610 §ein
1591 2570 1774 2617 miissen,
1799 2570 1849 2609 da
1874 2570 1956 2609 seit
1980 2569 2032 2609 20
2054 2570 2207 2609 Jahren
2230 2568 2328 2608 kein

564 2629 741 2670 Ansicht
770 2630 848 2670 der
867 2629 1076 2670 Patricier
1105 2630 1209 2670 oder
1230 2631 1306 2670 der
1336 2632 1424 2670 An-
1483 2628 1671 2667 Dictator
1694 2632 1872 2667 ernannt
1902 2640 2005 2667 war.
2027 2649 2084 2656 —
2105 2629 2328 2680 quaesi-53„

565 2687 764 2737 nalisten‚
787 2699 823 2728 s.
847 2700 882 2727 c.
909 2686 973 2736 14,
997 2687 1037 2737 5,
1060 2687 1149 2738 galt
1169 2687 1244 2728 das
1264 2686 1423 2728 Gesetz
1483 2699 1523 2725 {o
1565 2686 1673 2725 wird
1719 2684 1937 2724 bisweilen
1990 2697 2197 2737 quaerere
2246 2697 2327 2724 von

565 2743 615 2796 3,
647 2744 723 2796 55,
753 2745 777 2784 5
801 2744 916 2784 nicht
937 2742 1006 2784 fiir
1036 2744 1115 2784 den
1141 2744 1359 2797 Dictator,
1389 2758 1423 2785 s.
1480 2743 1639 2783 Saehen
1663 2743 1743 2782 wie
1772 2744 1990 2795 requirere
2012 2741 2262 2793 gebraucht‚
2294 2754 2328 2782 s.

564 2801 709 2854 Lange
732 2801 773 2854 2,
795 2801 902 2852 4743
925 2801 1089 2843 Becker
1112 2802 1150 2854 2,
1175 2802 1216 2853 2,
1240 2801 1338 2843 285.
1479 2800 1563 2841 Cic.
1587 2800 1713 2841 Verr.
1737 2799 1775 2851 2,
1812 2800 1847 2851 1,
1883 2799 1947 2851 10,
1971 2799 2046 2848 293
2072 2799 2174 2839 Sall.
2198 2797 2229 2839 I.
2253 2798 2326 2838 93:

627 2858 678 2900 12
699 2883 730 2888 —
754 2858 820 2900 13.
861 2861 940 2908 ibi,
971 2872 1004 2900 s.
1030 2859 1074 2912 1,
1106 2859 1183 2912 49,
1205 2861 1246 2902 5.
1265 2859 1423 2900 -ad-
1477 2858 1592 2899 collis
1621 2882 1649 2887 —
1675 2870 1814 2913 pauca
1843 2859 2112 2898 munimenta
2147 2869 2327 2911 quaere-

562 2917 848 2972 probantibus
875 2931 910 2960 ο.
933 2922 1041 2969 εἴα,
1070 2917 1326 2971 Andeutung
1346 2918 1424 2960 des
1476 2918 1559 2957 bat.

565 2973 995 3015 Senatsbesehlusses
1030 2974 1138 3016 iiber
1172 2976 1276 3030 den,
1311 2974 1425 3033 wel-
1532 2972 1574 3014 3.
1615 2975 1741 3016 vocat
1759 2975 1813 3027 te,
1843 2971 2009 3014 fordert
2031 2972 2121 3011 dieb
2144 2984 2223 3012 vor
2246 2970 2329 3012 Ge-

566 3031 669 3072 cher
702 3031 891 3083 gewfihlt
916 3031 1092 3074 werden
1121 3032 1241 3113 soll..
1245 3030 1307 3099 ,ἐξ
1327 3064 1331 3074 .,
1476 3031 1601 3072 richt.
1659 3029 1776 3072 Nach
1816 3030 1911 3071 dem
1960 3030 2327 3082 gesetzmtissigen

1478 3086 1715 3132 Vei-fabren
1755 3087 1874 3130 mitte
1906 3085 2090 3129 Maelius
2129 3099 2209 3128 vor
2249 3087 2326 3127 den

1413 3144 1418 3145 ⁷
1476 3145 1709 3189 Centurieu
1743 3144 1977 3199 angeklngt
2007 3143 2188 3190 werden
2214 3144 2326 3186 miis-

1409 3202 1412 3203 ⁷
1438 3206 1441 3211 '
1476 3216 1580 3255 80113
1600 3203 1732 3246 allaim
1752 3203 1832 3246 der
1845 3201 2051 3250 metator
2055 3200 2318 3250 matidies

1428 3304 1432 3305 ⁷
1474 3260 1605 3304 Fam
1625 3261 1722 3306 nie
1993 3251 2190 3327 RQ>
2220 3267 2236 3272 ²

1317 3327 1320 3330 ’
1365 3321 1384 3346 ²³
1475 3319 1651 3374 seboin&

1474 3377 1500 3418 4
1512 3408 1525 3429 ,
1542 3389 1599 3459 ’gu

565 3145 825 3199 —dieimm
850 3145 911 3189 ἰιι
967 3145 979 3169 ’-

567 3217 604 3245 s.
625 3217 663 3245 c.
685 3201 761 3259 21,
758 3176 884 3250 ΜΞ
887 3190 958 3240 953
