2221 3537
148 266 183 291 ι.
209 256 278 291 ch.
304 255 384 288 445.

779 236 939 279 LIBER
971 235 1039 278 lv.
1101 236 1220 276 CAP.
1253 237 1292 277 2.

1817 238 1914 287 147

149 371 409 438 imperium
446 385 504 419 eo
530 365 767 426 recidere;
805 372 853 414 et
877 381 931 414 se
957 363 1149 414 miliens
1175 362 1441 412 morituros
1469 365 1656 428 potiuS,
1692 378 1837 429 quam
1864 371 1920 413 ut

147 448 337 493 tantum
394 437 645 490 dedecoris
695 436 882 485 admitti
933 435 1189 500 patiantur.
1259 442 1444 482 certum
1490 435 1663 484 habere
1705 435 1916 484 maiores
1952 441 1979 481 9

149 526 366 579 quoque,
401 510 443 560 si
478 508 781 558 divinassent
814 506 1130 556 concedendo
1168 504 1331 553 omnia
1372 519 1472 552 non
1508 506 1750 554 mitiorem
1788 507 1834 554 in
1863 521 1918 554 se

146 582 336 650 plebem
371 580 458 630 sed
496 578 795 644 asperiorem
836 578 923 627 alia
961 593 1016 626 ex
1043 576 1146 625 aliis
1173 575 1415 639 iniquiora
1445 575 1762 638 postulando,
1803 591 1916 625 cum

147 653 305 718 prima
325 652 650 716 impetrasset,
675 650 903 707 futuram,
930 648 1090 712 primo
1113 645 1379 711 quamlibet
1398 645 1758 694 dimicationem
1781 646 1915 695 suhi·
1958 654 2007 694 10

146 731 286 774 turos
310 722 464 772 fuisse
490 723 677 787 potiuS,
703 735 850 784 quam
879 735 961 768 eas
989 718 1119 781 leges
1145 717 1235 766 sibi
1265 716 1431 781 inponi
1460 723 1757 780 paterentur.
1806 718 1918 779 quia

147 801 252 844 tum
291 808 582 844 concessum
619 792 682 840 sit
716 791 775 840 de
808 789 1040 848 tribuniS,
1077 792 1252 838 iterum
1280 802 1571 836 concessum
1601 802 1736 844 esse,
1773 787 1918 835 finem

147 879 250 915 non
287 864 404 914 lieri.
456 879 554 914 non
586 878 737 928 posse
763 862 812 911 in
838 861 1007 910 eadem
1036 860 1221 909 civitate
1249 858 1472 908 tribunos
1500 857 1653 922 plebis
1682 865 1728 906 et
1754 866 1916 921 patres
1958 867 2003 907 11

147 951 280 996 esse;
316 942 400 985 aut
431 935 563 984 hunc
598 934 821 982 ordinem
849 939 930 981 aut
956 932 1090 981 illum
1121 930 1458 994 magistratum
1486 928 1753 978 tollendum
1783 944 1918 986 esse3

146 1005 408 1072 potiusque
444 1021 554 1055 sero
588 1021 731 1069 quam
760 1019 1027 1068 numquam
1056 1002 1245 1051 obviam
1273 1001 1485 1050 eundum
1514 999 1739 1049 audaciae
1764 1005 1918 1048 teme-

144 1076 386 1143 ritatique.
437 1077 566 1126 illine
603 1084 653 1125 ut
687 1076 887 1139 impune
924 1074 1084 1139 primo
1122 1072 1390 1122 discordias
1426 1079 1646 1120 serentes
1674 1070 1922 1120 concitent
1960 1080 2007 1120 12

147 1148 350 1198 finitima
375 1147 510 1204 bella,
541 1147 714 1196 deinde
742 1146 978 1195 adversus
1006 1161 1077 1202 ea,
1105 1160 1226 1208 quae
1254 1142 1615 1199 concitaverint,
1644 1142 1819 1191 armari
1848 1142 1919 1191 ci·

146 1219 340 1270 vitatem
381 1218 671 1282 defendique
706 1215 1021 1281 prohibeant,
1056 1222 1104 1263 et
1138 1230 1248 1263 cum
1286 1214 1454 1262 hostes
1492 1220 1680 1261 tantum
1710 1226 1812 1260 non
1839 1228 1919 1261 ar-

146 1288 422 1348 cessierint‚
466 1288 703 1337 exercitus
750 1286 994 1336 conscribi
1037 1285 1268 1334 adversus
1315 1284 1485 1332 hostes
1523 1298 1622 1331 non
1657 1282 1918 1347 patiantur,

145 1360 230 1410 sed
257 1359 431 1409 audeat
456 1358 711 1409 Canuleius
739 1358 788 1406 in
817 1363 988 1406 senatu
1014 1355 1241 1421 proloqui
1269 1371 1343 1414 se,
1371 1354 1463 1403 nisi
1492 1369 1606 1402 suas
1634 1353 1763 1417 leges
1790 1360 1917 1402 tam-

144 1445 288 1495 quam
308 1430 505 1480 victoris
526 1435 689 1495 patres
711 1429 861 1493 accipi
882 1428 1059 1486 sinant,
1083 1427 1308 1476 dilectum
1332 1424 1498 1474 haberi
1515 1422 1918 1489 prohibiturum?

146 1501 260 1567 quid
295 1517 404 1550 esse
430 1501 558 1550 aliud
587 1516 732 1566 quam
759 1500 933 1549 minari
968 1515 1020 1548 se
1047 1498 1358 1563 proditurum
1387 1496 1614 1560 patriam,
1644 1496 1919 1561 oppugnari

147 1579 291 1638 atque
336 1573 441 1636 capi
489 1569 793 1637 passurum?
830 1570 944 1635 quid
989 1586 1095 1619 eam
1135 1584 1303 1618 vocem
1340 1567 1617 1616 animorum
1653 1582 1755 1616 non
1791 1566 1919 1631 plebi

147 1643 396 1693 Romanae
424 1644 507 1693 sed
538 1643 723 1692 Volscis
758 1649 804 1691 et
829 1641 1009 1706 Aequis
1037 1648 1085 1690 et
1111 1639 1386 1689 Veientibus
1416 1636 1724 1687 adlaturam?
1751 1652 1918 1687 nonne

148 1714 374 1764 Canuleio
419 1715 541 1763 duce
576 1730 628 1763 se
664 1719 947 1777 speraturos
983 1711 1273 1776 Capitolium
1314 1718 1457 1773 atque
1492 1724 1649 1758 arcem
1686 1709 1919 1758 scandere

144 1783 334 1850 posse?
361 1786 411 1834 ni
432 1785 652 1849 patribus
674 1784 856 1834 tribuni
878 1799 988 1832 cum
1010 1784 1112 1832 iure
1134 1798 1188 1832 ac
1210 1781 1461 1830 maiestate
1483 1781 1706 1844 adempta
1728 1781 1919 1829 animos

145 1980 224 2036 Iup
254 1983 495 2022 iter-sirit.
513 2006 567 2011 -—
584 1984 731 2035 reg-lae
750 1984 863 2029 mai„
887 1981 926 2031 2,
950 1981 986 2032 1,

145 2038 197 2088 83
241 2068 253 2088 ,
269 2037 338 2089 32,
356 2037 401 2078 3:
421 2039 626 2090 consules,
644 2041 765 2091 regia
779 2041 985 2092 poteslas.

144 2095 430 2145 —recidere,
463 2096 506 2146 1,
536 2096 612 2146 40,
642 2095 686 2134 2:
718 2108 900 2147 regnum
931 2093 988 2134 ad

145 2155 320 2193 sen-itia
348 2152 535 2201 caderet,
567 2153 611 2202 2,
645 2152 665 2190 7
681 2185 690 2201 ,
721 2151 759 2190 8.
782 2174 838 2181 —-
861 2154 902 2191 et
923 2165 982 2200 se,

146 2208 243 2250 weil
278 2209 330 2249 im
371 2208 578 2258 Vorlierg.
621 2208 874 2258 angedeutet
915 2209 985 2257 ist,

146 2266 244 2306 dass
274 2267 378 2307 auch
407 2267 472 2306 die
503 2265 656 2306 G'otter
684 2278 730 2304 es
760 2265 873 2304 nicht
910 2278 988 2304 zu·-

144 2322 286 2363 lassen
322 2324 506 2363 werden.
536 2345 592 2351 —
628 2321 794 2364 eonced.
832 2323 987 2371 omnia,

146 2380 305 2431 „durch
354 2379 759 2430 uneingeschriinkte
801 2377 987 2418 Conces-

146 2437 345 2485 sionen“;
368 2436 629 2487 Niigelsbach
655 2435 751 2475 Stil.
780 2434 873 2475 101.

206 2493 372 2534 11-12.
394 2508 476 2535 nou
496 2507 625 2548 posse
646 2498 751 2544 etc.,
774 2504 819 2531 es
840 2491 986 2530 wiirde

146 2550 226 2590 den
243 2548 544 2601 Forderungen
568 2550 681 2590 nicht
702 2550 804 2589 eber
820 2548 988 2588 Einhalt

147 2607 299 2658 gethan
321 2608 504 2657 werden,
526 2607 589 2646 als
612 2607 673 2646 bis
692 2607 766 2646 das
783 2604 988 2646 Tribunat

147 2663 404 2714 abgeschnfft
425 2664 499 2715 sei,
529 2663 613 2713 vgl.
636 2663 675 2713 3,
705 2662 771 2714 52,
799 2664 838 2702 8.
859 2662 986 2701 —1'1-

147 2720 230 2760 line
250 2723 311 2771 ut,
335 2720 400 2760 die
420 2719 554 2769 Frage
577 2719 651 2758 mit
679 2722 727 2759 ut
749 2720 872 2759 weist
893 2719 986 2758 eine

150 2776 347 2828 unbillige
395 2775 662 2825 Zumutliung
680 2807 689 2823 ,
740 2775 987 2827 Forderung

150 2833 329 2874 zuriick:
365 2833 472 2873 kann
504 2845 594 2872 man
625 2832 707 2871 wol
743 2832 985 2882 verlangen,

149 2892 246 2931 dass
268 2903 395 2940 usw,
428 2891 473 2939 5,
505 2888 578 2938 24,
614 2889 683 2928 10:
712 2891 918 2928 victamne
938 2892 988 2928 ut

149 2953 255 2996 etc.;
278 2946 452 2987 Terent.
475 2946 639 2986 Phorm.
663 2946 702 2996 5,
727 2945 765 2995 8,
789 2944 863 2984 62:
887 2945 988 2985 hici-

149 3018 201 3044 ne
225 3007 274 3045 ul
302 3017 330 3044 a
363 3006 484 3045 uobis
515 3007 681 3042 tantum
709 3004 882 3053 argenti
906 3016 987 3043 au·

137 3063 290 3114 serat;
313 3061 398 3102 Cic.
418 3061 528 3101 Sest.
556 3061 592 3107 7,
622 3060 666 3099 17
692 3073 730 3098 u.
753 3072 791 3098 a.
814 3081 866 3087 —-
890 3071 986 3099 con-

149 3120 282 3158 citone
301 3123 402 3170 etc.‚
432 3130 518 3157 was
548 3116 608 3156 ol't
638 3117 675 3156 in
705 3117 783 3155 den
813 3115 986 3155 inneren

150 3173 343 3216 Unruhen
373 3175 602 3226 geschehen
635 3185 745 3223 war,
782 3172 885 3211 wird
909 3173 986 3211 den

150 3229 363 3271 Tribunen
386 3245 462 3272 zur
482 3231 586 3271 Lnst
606 3230 766 3281 selein,
797 3242 830 3269 s,
855 3228 892 3275 3,
917 3228 986 3276 65,

153 3286 191 3328 (i.
214 3310 270 3319 —-
299 3291 464 3330 lantum
499 3300 604 3339 non,
643 3287 793 3339 Zumpt
826 3284 853 3338 ᾗ
892 3285 986 3327 729.

1079 1980 1154 2020 Die
1194 1978 1516 2028 Beschriinkung
1541 1991 1603 2031 uzu
1645 1981 1921 2019 arcessa-rint

1077 2049 1167 2076 war
1187 2036 1347 2087 no'thig,
1378 2035 1476 2075 weil
1499 2033 1694 2074 derselbe
1719 2033 1919 2075 Gedanke

1077 2095 1157 2133 wie
1194 2095 1233 2133 in
1271 2096 1480 2133 concitent
1513 2098 1592 2131 etc.
1632 2092 1749 2131 darin
1781 2092 1920 2142 liegen

1077 2150 1172 2190 soll.
1226 2149 1310 2189 Der
1347 2147 1586 2198 Gegeusatz
1626 2147 1795 2198 beginut
1831 2154 1921 2189 erst

1076 2208 1150 2247 mit
1177 2206 1271 2246 sed:
1301 2206 1366 2245 die
1389 2204 1629 2254 Zulassung
1658 2205 1733 2244 der
1753 2205 1920 2245 Aushe-

1077 2264 1187 2313 bung
1209 2262 1338 2301 findet
1354 2262 1466 2301 nicht
1487 2266 1605 2311 statt,
1627 2260 1921 2302 sondernCan.

1079 2320 1198 2360 stellt
1215 2318 1740 2368 vielmehrssedingungen,
1762 2318 1920 2358 welche

1078 2376 1263 2417 dieselhe
1280 2374 1512 2425 unmoglich
1530 2375 1698 2414 macheu
1718 2375 1799 2414 und
1818 2375 1920 2414 noch

1078 2435 1224 2473 ha'rter
1260 2433 1351 2471 sind
1392 2431 1455 2471 als
1497 2431 1561 2471 die
1602 2430 1921 2482 Verhinderung

1078 2492 1152 2530 des
1189 2490 1367 2529 dilectus
1405 2487 1552 2528 selbst.
1596 2487 1670 2526 Die
1692 2488 1827 2527 Stelle
1865 2488 1920 2528 ist

1079 2554 1211 2588 etwas
1235 2546 1469 2595 wortreich,
1492 2546 1572 2584 wie
1594 2558 1629 2583 c.
1653 2545 1690 2594 4,
1718 2542 1804 2583 los.

1140 2603 1290 2643 13-14‚
1314 2604 1473 2652 sinant,
1503 2615 1535 2642 3.
1561 2615 1595 2641 c.
1624 2601 1657 2648 l,
1685 2601 1723 2641 6.
1744 2623 1800 2630 -
1822 2601 1924 2654 quid

1077 2675 1172 2701 esse
1192 2659 1261 2709 aL,
1294 2660 1367 2699 das
1391 2658 1563 2710 thject
1585 2659 1731 2697 hierzu
1755 2658 1857 2708 liegt
1880 2659 1920 2698 iu

1078 2719 1168 2758 dem
1211 2717 1459 2766 vorhergeh.
1502 2716 1630 2755 Sntze
1669 2714 1867 2767 proloqui
1893 2738 1921 2743 -

1074 2776 1413 2830 prohibetur-mn:
1437 2773 1525 2823 das,
1541 2784 1627 2811 was
1646 2771 1788 2811 Canul.
1807 2772 1919 2819 thue,

1077 2833 1136 2872 sei
1159 2832 1293 2872 nichts
1315 2831 1495 2870 auderes
1516 2830 1579 2869 als
1602 2842 1640 2868 u.
1665 2841 1698 2867 3.
1723 2841 1790 2878 w.,
1823 2840 1855 2867 s.
1881 2841 1916 2867 c.

1077 2889 1116 2938 4,
1139 2888 1186 2937 63
1211 2887 1250 2938 6,
1272 2888 1340 2935 40,
1364 2886 1409 2925 8:
1434 2886 1516 2937 vgl.
1542 2885 1581 2936 3,
1611 2885 1672 2933 19,
1696 2885 1734 2924 5.
1753 2906 1807 2912 —
1824 2886 1920 2923 iure

1076 2959 1140 2987 ac.
1168 2948 1292 2993 ηιαιζ,
1330 2944 1556 2983 conubium
1590 2942 1670 2981 und
1701 2940 1915 2980 consulat.

1078 3005 1124 3042 ni
1156 3003 1256 3042 nach
1282 3000 1471 3049 Madvig,
1509 3000 1610 3038 oder
1644 3000 1728 3036 m'sae‘
1755 2997 1918 3037 scheint

1078 3059 1307 3112 passender
1328 3058 1390 3097 als
1413 3058 1486 3096 das
1509 3056 1596 3094 hds.
1620 3057 1676 3103 si,
1699 3054 1769 3097 dn,
1796 3065 1916 3092 wenn

1077 3116 1143 3156 die
1166 3114 1346 3155 Consuln
1370 3113 1496 3153 duces
1519 3112 1606 3150 sein
1630 3110 1796 3156 wollt-n,
1818 3122 1918 3148 vor·

1077 3177 1322 3222 ausgesetzt
1345 3171 1512 3208 werden
1536 3180 1672 3213 muss,
1711 3167 1806 3206 dass
1830 3166 1920 3205 An-

1077 3230 1177 3269 dere
1210 3229 1259 3268 da
1290 3228 1402 3275 sind,
1439 3239 1489 3265 an
1519 3225 1645 3263 deren
1677 3223 1820 3276 spitze
1856 3223 1918 3262 sie

1079 3286 1164 3326 sich
1182 3284 1347 3335 stenen,
1370 3282 1454 3333 vgl.
1478 3282 1515 3330 3,
1539 3285 1605 3328 ob,
1635 3280 1697 3320 12.

1503 3351 1582 3390 10·

1958 1364 2007 1404 13

1958 1645 2008 1685 14
