2221 3537
641 295 800 338 maza
832 294 900 337 111.
959 295 1078 337 cn.
1114 296 1178 338 13.
1213 297 1278 337 14.
1770 297 1838 349 29

68 322 103 347 ι.
127 311 197 347 oh.
219 312 281 346 4⁶1
290 335 298 343 .

70 427 258 487 delitet,
295 432 350 478 ut
389 423 644 476 divenditis
681 423 911 474 omnibus
946 423 1090 474 bonis
1126 423 1419 489 aliquamdiu
1456 430 1588 474 trans
1624 423 1837 475 Tiberim

68 499 216 552 veluti
239 497 478 561 relegatus
505 495 643 545 devio
673 496 884 560 quodam
914 495 1109 559 tugurio
1138 495 1329 543 viveret.
1455 544 1458 547 ,

208 569 314 619 Hoc
337 567 568 617 iudicium
591 573 638 616 et
659 565 964 630 promulgata
984 567 1057 615 lex
1078 565 1292 614 exercuit
1311 565 1571 619 civitatem:
1599 564 1657 613 ab
1679 574 1836 616 exter-

66 640 144 691 nis
178 638 327 689 armis
355 638 508 688 otium
535 637 641 687 ruit.
693 652 802 686 cum
831 637 957 686 velut
984 637 1190 685 victores
1220 635 1396 685 tribuni
1425 635 1660 699 perculsis
1689 639 1837 700 patri-

64 709 156 760 bus
183 708 417 760 Caesonis
444 708 584 758 exilio
607 722 760 772 prope
781 707 1013 772 perlatam
1036 723 1144 756 esse
1167 707 1418 755 crederent
1437 706 1608 770 legem,
1635 714 1681 755 et
1706 709 1837 771 quod

64 779 124 830 ad
144 779 366 830 seniores
387 786 579 845 patrum
602 779 866 844 pertineret
886 779 1150 828 cessissent
1170 777 1489 842 possessione
1509 777 1578 826 rei
1600 777 1837 841 publicae,

63 850 299 910 iuniores»,
327 850 375 900 id
403 850 625 907 maxime,
652 850 785 914 quod
807 848 1039 898 Caesonis
1067 849 1308 898 sodalium
1331 848 1433 906 fuit,
1459 863 1634 897 auxere
1662 848 1757 898 iras
1785 850 1835 898 in

64 921 279 986 plebem,
314 936 414 971 non
451 922 732 970 minuerunt
766 920 975 969 animos.
1037 920 1121 968 sed
1158 920 1219 968 ibi
1257 919 1525 984 plurimum
1563 919 1837 982 profectum

63 998 155 1050 est,
182 992 313 1057 quod
341 993 490 1041 modo
518 992 730 1057 quodam
760 999 1090 1057 temperavere
1117 992 1329 1056 impetus
1358 1006 1491 1039 suoS.
1544 1005 1652 1039 cum
1676 991 1836 1055 primo

64 1070 181 1129 post
214 1063 450 1113 Caesonis
492 1063 687 1112 exilium
731 1063 802 1111 lex
842 1070 1015 1127 coepta
1051 1063 1166 1111 ferri
1193 1069 1291 1121 est,
1328 1062 1551 1110 instructi
1589 1062 1839 1127 paratique

64 1149 176 1184 cum
203 1134 384 1199 ingenti
406 1135 649 1184 clientium
678 1135 889 1183 exercitu
916 1134 986 1183 sic
1012 1134 1253 1191 tribunOS,
1281 1133 1364 1181 ubi
1393 1133 1607 1197 primum
1629 1133 1838 1182 submo-

63 1210 231 1256 ventes
259 1206 526 1270 praebuere
555 1221 767 1266 causam,
796 1204 954 1253 adorti
981 1212 1111 1260 sunt,
1141 1211 1195 1252 ut
1221 1219 1367 1252 nemo
1395 1218 1524 1252 unus
1555 1203 1666 1251 inde
1696 1219 1838 1267 prae-

63 1275 262 1339 cipuum
288 1277 551 1339 quicquam
572 1275 750 1338 gloriae
772 1275 974 1323 domum
997 1275 1261 1323 invidiaeve
1283 1274 1445 1334 ferret,
1474 1273 1602 1321 mille
1623 1289 1713 1337 pro
1735 1289 1836 1323 uno

61 1344 303 1395 Caesones
330 1347 545 1395 extitisse
572 1345 738 1409 plebes
767 1351 1064 1409 quereretur.
1116 1345 1289 1392 mediis
1318 1343 1488 1392 diebus
1506 1382 1516 1401 ,
1544 1344 1719 1407 quibus
1748 1344 1835 1393 tri-

61 1415 179 1466 buni
204 1416 264 1466 de
288 1416 389 1480 lege
414 1431 514 1466 non
541 1422 754 1480 agerent,
784 1416 901 1466 nihil
927 1416 1111 1465 eisdem
1139 1415 1228 1464 illis
1257 1414 1491 1480 placidius
1517 1422 1600 1463 aut
1626 1415 1837 1479 quietius

64 1493 189 1537 erat:
216 1486 426 1551 benigne
452 1488 676 1547 salutare,
704 1487 900 1552 adloqui
928 1486 1080 1551 plebis
1109 1486 1357 1544 homineS‚
1391 1486 1593 1534 domum
1621 1485 1835 1542 invitare,

998 1668 1077 1706 gen
1101 1654 1214 1708 quod
1244 1654 1335 1695 sod.
1352 1657 1424 1707 s.:
1458 1655 1533 1694 der
1561 1655 1736 1695 bestand
1763 1667 1840 1695 aus

998 1726 1039 1751 u.
1070 1724 1104 1752 s.
1134 1724 1185 1752 w·
1221 1733 1279 1740 -—
1313 1725 1480 1752 auxere
1508 1714 1567 1761 (s,
1598 1725 1633 1752 c.
1664 1711 1704 1760 6,
1735 1711 1832 1762 2)-

64 1657 115 1697 da
156 1656 222 1696 die
264 1656 452 1707 Biirgeu,
500 1669 582 1696 von
624 1657 757 1696 denen
804 1656 906 1695 nach

64 1713 239 1766 Dionys.
260 1713 334 1753 das
357 1712 464 1752 Geld
486 1713 654 1762 gezahlt
675 1713 793 1762 wird,
818 1711 907 1752 haf-

65 1775 196 1818 teten,
218 1768 405 1819 obgleich
430 1769 505 1808 der
527 1769 660 1809 Vater
682 1782 728 1808 es
763 1769 906 1808 diesen

63 1826 179 1865 hitto
201 1826 359 1865 wieder
381 1831 590 1865 erstatten
615 1825 797 1875 konnen,
820 1825 907 1875 vgl.

62 1881 158 1922 val.
183 1880 296 1922 Max.
320 1881 345 1921 l.
378 1881 430 1928 l.;
464 1881 511 1921 L.
544 1881 609 1933 38,
644 1882 712 1930 60,
743 1883 782 1922 9.
804 1895 907 1921 ——a

62 1942 200 1994 patre,
228 1939 295 1978 die
328 1937 668 1980 Undeutlichkeit
700 1938 796 1978 bebt
818 1939 905 1978 -wie

63 1994 223 2045 c.1‚4;
246 1994 285 2044 6,
308 1993 442 2044 22,4;
468 1995 504 2047 7,
531 1995 594 2046 18,
621 1995 665 2043 1;
688 1995 741 2034 ib.
762 1995 830 2045 41,
855 1996 904 2045 53

65 2050 104 2102 8,
130 2051 195 2102 12,
231 2051 278 2090 17
304 2064 343 2091 u.
366 2064 405 2092 a.
436 2052 511 2090 der
532 2051 904 2102 Zusammenbang.

63 2131 112 2138 —
154 2112 278 2149 trane
312 2106 416 2157 Tib„
455 2108 701 2148 ausser-halb
737 2109 812 2147 des
842 2109 904 2147 ei-

64 2164 304 2216 gentlichen
342 2164 576 2204 romischen
619 2163 831 2214 Gebietes,
869 2177 904 2204 s.

69 2222 105 2274 1,
127 2220 168 2272 3,
190 2222 239 2269 5,·
269 2221 309 2272 8,
343 2221 405 2272 14,
438 2221 485 2260 5:
516 2222 644 2261 daber
673 2221 905 2275 relegatus,

64 2291 100 2318 e.
141 2278 206 2326 10,
241 2277 304 2318 12.
327 2300 383 2306 -—
405 2277 538 2328 dei-io,
569 2278 652 2327 vgl.
675 2277 775 2317 Tac.
798 2280 902 2318 Ann.

63 2334 102 2387 2,
125 2333 200 2375 34:
229 2336 444 2375 victurum
465 2338 506 2374 in
529 2334 667 2387 aliquo
687 2335 834 2374 abdito
863 2338 905 2374 et

61 2391 290 2444 longinquo
307 2404 422 2432 rure.
434 2414 490 2421 —-
507 2395 672 2444 ing-ur„
692 2392 757 2431 die
776 2391 903 2431 lliitte

62 2449 179 2488 eines
218 2447 533 2501 Hintersassen,
571 2449 624 2488 im
662 2447 902 2499 Gegensatz

63 2518 114 2545 zu
136 2505 211 2544 der
230 2505 340 2545 villa.

122 2554 206 2602 14·
240 2561 333 2602 1-3.
356 2564 562 2612 exercuit,
597 2562 698 2601 hielt
727 2562 765 2601 in
789 2560 903 2601 Tbii—

63 2617 226 2668 tigkeit‚
246 2617 484 2671 Spannung,
510 2619 593 2669 vgl.
619 2632 654 2658 c.
686 2618 750 2669 15,
785 2618 820 2658 l.
845 2640 902 2648 —·

62 2674 114 2713 ab
134 2697 163 2703 -
183 2675 330 2725 otium,
353 2676 392 2724 4,
425 2675 491 2724 35,
515 2675 561 2724 2;
595 2677 748 2714 ebenso
771 2678 903 2728 quies,

63 2743 96 2770 s.
132 2730 167 2780 1,
197 2729 263 2782 31,
293 2732 340 2781 53
372 2734 538 2783 quietus
569 2744 604 2770 e.
634 2732 701 2781 32,
737 2732 750 2772 1
787 2746 826 2771 u.
862 2745 899 2771 n.

60 2809 112 2816 —
152 2790 205 2839 et,
242 2788 323 2827 und
362 2788 400 2826 in
446 2789 521 2827 der
556 2787 677 2827 That.
708 2811 764 2817 —-
792 2788 905 2841 qnod

59 2846 188 2899 pert„
229 2856 276 2883 so
318 2844 402 2883 viel
437 2842 511 2883 auf
543 2845 603 2883 sie
640 2844 810 2890 animum
848 2844 896 2884 Z.

61 2899 88 2953 ξ
110 2900 215 2949 5593
246 2901 323 2940 der
344 2901 443 2941 Sutz
466 2901 612 2940 deutet
633 2901 706 2940 dns
730 2901 903 2951 Subject

63 2969 114 2996 zu
135 2958 362 2997 cessissent
385 2971 463 2997 nur
489 2971 552 3008 nn,
584 2958 669 3006 vgl.
699 2959 811 3011 quod
838 2961 904 2998 al-

64 3015 168 3053 iine!
190 3013 256 3064 23,
281 3013 347 3062 25,
371 3015 410 3054 4.
446 3038 500 3043 -—
523 3018 679 3062 senior,
711 3028 744 3054 o.
776 3015 838 3063 11,
861 3014 900 3054 4.

62 3091 116 3102 --
154 3073 448 3125 possessione,
498 3072 575 3110 den
627 3071 788 3116 Besitz,
836 3071 901 3110 die

63 3125 373 3178 Nutzniessung
391 3128 901 3177 derStnatsverwnltnng,

65 3194 101 3222 s.
123 3195 160 3222 ο.
187 3183 222 3233 l,
244 3183 283 3223 3.
314 3207 364 3214 —
397 3185 443 3225 id
470 3185 901 3233 verallgeineinernde

63 3237 354 3291 Bezeicbnung
374 3241 450 3280 der
472 3240 684 3280 Personen
703 3261 728 3274 :2
745 3241 790 3280 id
808 3255 901 3281 ma-

62 3296 179 3335 me'me
193 3298 422 3346 iuniorum,
444 3298 527 3348 vgl.
545 3297 572 3350 ξ
591 3299 631 3348 5,
652 3299 779 3347 gennit.
806 3311 900 3351 par·

64 3351 193 3391 titiv.:
215 3352 291 3392 der
307 3352 429 3394 Tbeil
452 3355 528 3395 der
546 3357 751 3406 iuniores,
774 3356 900 3406 dage-

996 1771 1257 1817 minuerunt,
1294 1768 1341 1808 L.
1380 1769 1554 1808 braucbt
1591 1769 1657 1807 die
1693 1768 1841 1808 beiden

999 1823 1328 1864 Perfectl'ormen
1349 1826 1452 1864 ohne
1472 1825 1747 1867 Unterscbied
1765 1826 1842 1865 der

999 1882 1257 1932 Bedeutung,
1280 1883 1364 1932 vgl.
1388 1882 1452 1931 10,
1476 1883 1535 1932 15,
1557 1883 1595 1930 4,
1615 1882 1697 1932 vgl.
1717 1895 1751 1921 c.
1772 1883 1839 1929 70,

998 1938 1036 1978 7.
1053 1961 1110 1968 —
1131 1941 1235 1988 iras,
1255 1951 1292 1978 n.
1309 1952 1427 1978 suas,
1443 1962 1498 1967 —
1514 1940 1573 1978 ibi
1587 1957 1613 1972 =
1628 1941 1669 1978 in
1687 1951 1746 1990 eo,
1764 1952 1842 1978 un-

997 2001 1063 2035 ter
1079 1995 1222 2034 diesen
1243 1995 1580 2044 Verbiiltnissen,
1599 1994 1738 2044 dabei;
1764 1995 1843 2035 Pe-

1001 2053 1186 2091 rizonius
1210 2053 1472 2091 vermuthete
1495 2065 1558 2091 eo.

1053 2109 1094 2148 4.
1115 2122 1209 2148 cnm
1230 2111 1383 2162 primo,
1406 2108 1469 2147 als
1487 2109 1620 2158 gleicb
1638 2105 1839 2159 anfangs;

996 2165 1149 2204 anders
1186 2166 1259 2204 das
1297 2164 1395 2215 solg.
1434 2167 1508 2205 ubi
1543 2168 1748 2219 primum.
1782 2189 1839 2194 —

997 2234 1091 2261 cum
1112 2223 1201 2273 ing.
1232 2222 1384 2270 gehiirt
1415 2223 1527 2260 nicht
1557 2235 1610 2261 zu
1638 2224 1843 2262 instructi

995 2291 1107 2332 par„
1140 2280 1320 2317 sondern
1354 2291 1447 2317 zum
1471 2278 1707 2326 Pr'ddicate,
1738 2291 1772 2318 s.
1800 2279 1836 2327 1,

998 2335 1065 2383 51,
1090 2336 1128 2374 5.
1153 2359 1206 2363 ——
1236 2334 1468 2384 clientium,
1502 2335 1562 2374 sie
1591 2336 1838 2375 erscheinen

998 2392 1099 2430 noch
1122 2392 1186 2430 als
1204 2392 1409 2431 zalilreich
1428 2391 1508 2430 und
1527 2403 1605 2430 von
1624 2392 1699 2431 der
1715 2391 1838 2431 Plebs

997 2454 1207 2497 getrennt,
1231 2461 1264 2487 s.
1296 2448 1336 2497 2,
1367 2448 1433 2499 35,
1465 2448 1512 2494 4ς
1545 2448 1597 2487 ib.
1621 2448 1688 2495 56.
1720 2448 1759 2488 3.
1782 2471 1839 2478 —-

995 2518 1118 2544 nemo
1137 2518 1261 2552 unus,
1283 2505 1376 2544 kein
1396 2505 1612 2544 einzelner
1629 2504 1838 2544 bestimm-

998 2567 1065 2601 ter
1086 2563 1203 2601 melu·
1228 2562 1291 2601 als
1314 2561 1494 2611 Andere,
1527 2563 1606 2601 wie
1630 2561 1777 2612 Caeso,
1800 2575 1834 2601 s.

997 2632 1032 2658 e.
1061 2619 1125 2669 ll,
1150 2619 1188 2668 7,
1208 2620 1387 2658 sondern
1406 2619 1489 2658 alle
1506 2618 1656 2669 gleicb,
1672 2631 1705 2658 s,
1724 2622 1838 2672 quis-

996 2689 1120 2727 quam
1145 2689 1257 2715 unus
1281 2689 1316 2716 c.
1340 2676 1407 2726 45,
1426 2676 1474 2724 4;
1499 2677 1566 2726 55,
1591 2676 1663 2723 15;
1686 2675 1753 2728 32,
1771 2675 1837 2727 20,

998 2732 1044 2781 7;
1083 2732 1150 2785 39,
1187 2732 1255 2781 50,
1294 2732 1332 2782 2,
1356 2739 1490 2772 etwas
1521 2733 1674 2772 anders
1701 2746 1735 2772 c.
1772 2732 1834 2782 12,

995 2790 1037 2829 4.
1070 2811 1122 2818 —-
1141 2802 1220 2843 pro
1243 2803 1326 2828 uno
1351 2790 1487 2839 Caes„
1511 2803 1546 2828 c.
1571 2790 1610 2840 9,
1634 2790 1674 2829 4.

1054 2847 1093 2885 5.
1125 2846 1279 2886 mediis
1311 2846 1368 2897 d„
1407 2846 1469 2885 bis
1507 2859 1598 2885 zum
1634 2846 1835 2886 niicbsten

995 2901 1301 2952 Comitialtuge,
1338 2916 1374 2942 e.
1418 2903 1481 2951 ll,
1518 2903 1557 2943 3.
1591 2925 1647 2932 -
1670 2903 1722 2943 de
1751 2902 1834 2954 leg.

993 2973 1064 3010 ag.
1096 2959 1273 2998 unnl'usst
1296 2960 1428 3006 Anes,
1461 2972 1547 2998 was
1571 2961 1655 2999 sich
1678 2958 1752 2999 auf
1769 2961 1835 2999 die

996 3015 1317 3063 nun-chl'fihrung
1334 3017 1407 3055 des
1428 3016 1634 3056 Gesetzes
1655 3017 1833 3068 batem,

993 3073 1095 3111 auch
1118 3074 1184 3111 die
1220 3074 1256 3112 in
1281 3074 1512 3112 Contionen
1544 3087 1621 3112 vor
1649 3074 1725 3112 der
1747 3073 1832 3113 Ab-

994 3130 1217 3179 stimmnng
1273 3130 1520 3179 gelnaltenen
1566 3130 1721 3170 neuen.
1779 3152 1832 3158 —-

992 3186 1095 3225 m'lu‘l
1136 3187 1381 3226 bezeiclunet
1433 3188 1547 3226 nicht
1592 3187 1717 3225 allein
1767 3186 1831 3223 die

993 3241 1168 3291 Person,
1198 3244 1378 3282 sandei-n
1408 3244 1491 3282 ulle
1523 3244 1610 3281 ihre
1635 3241 1832 3280 verbali-

993 3300 1123 3350 nisse,
1155 3301 1219 3339 ilu-
1240 3313 1395 3348 ganzes
1419 3299 1552 3338 Thun.
1577 3321 1630 3327 ——
1654 3300 1832 3350 benigno

992 3355 1069 3396 sal.
1094 3362 1192 3408 etc„
1215 3356 1280 3408 2³,
1303 3357 1340 3409 4,
1372 3356 1418 3394 3:
1447 3355 1607 3409 plebem
1636 3354 1830 3395 adulari:
