2221 3537
987 250 1148 292 LIBER
1169 251 1222 292 V.
1284 251 1400 293 CAP.
1422 253 1491 293 47.
1921 275 1954 298 a.
1981 275 2016 298 n.
2042 268 2120 301 364.

364 251 464 302 354

359 392 500 426 verso
538 377 596 426 ad
624 377 894 427 Carmentis
929 393 1044 428 saxo
1092 393 1300 428 ascensu
1333 393 1513 444 aequo,
1551 387 1696 430 nocte
1724 379 1980 439 sublustri,
2008 396 2119 432 cum

359 448 518 510 primo
555 448 816 509 inermem,
852 448 933 512 qui
968 455 1229 512 temptaret
1261 448 1412 508 viam,
1447 451 1834 513 praemisissent,
1869 451 2118 502 tradentes

359 517 470 566 inde
497 533 646 576 arma,
672 517 755 566 ubi
784 518 896 582 quid
925 518 1076 583 iniqui
1103 524 1247 577 esset,
1275 519 1442 568 alterni
1470 520 1618 569 innixi
1645 520 2044 585 sublevantesque
2068 522 2118 571 in

363 587 510 635 vicem
540 594 587 636 et
605 588 851 637 trahentes
873 589 950 637 alii
970 589 1106 647 alios,
1134 596 1281 653 prout
1300 589 1571 654 postularet
1587 591 1740 649 locuS,
1767 595 1904 640 tanto
1926 591 2117 641 silentio

358 657 406 705 in
434 673 683 707 summum
711 674 919 718 evasere,
945 665 998 707 ut
1022 674 1124 707 non
1151 660 1377 708 custodes
1405 661 1563 709 solum
1582 661 1817 722 fallerent,
1846 661 1930 710 sed
1952 675 2014 710 ne
2035 676 2117 710 ca-

357 743 445 775 nes
472 728 681 791 quidem,
709 729 966 778 sollicitum
994 729 1169 778 animal
1195 729 1251 777 ad
1274 736 1544 779 nocturnos
1567 731 1815 794 strepituS‚
1842 731 2114 780 excitarent.

359 813 555 846 anseres
581 813 682 847 non
707 798 930 858 fefellere,
959 798 1132 862 quibus
1163 801 1312 848 sacris
1334 800 1532 849 Iunonis
1560 800 1609 848 in
1631 815 1821 849 summa
1842 800 2003 864 inopia
2023 801 2116 850 cibi

354 875 519 916 tamen
540 868 887 917 abstinebatur.
932 883 1053 932 quae
1074 884 1152 917 res
1175 870 1316 918 saluti
1336 869 1451 918 fuit:
1472 884 1682 934 namque
1703 869 1925 933 clangore
1945 885 2115 920 eorum

354 939 632 1002 alarumque
667 938 851 1001 crepitu
887 938 1068 986 excitus
1094 939 1154 987 M.
1183 938 1412 997 Manlius,
1453 939 1534 1003 qui
1567 940 1778 989 triennio
1807 946 1916 989 ante
1941 941 2114 990 consul

351 1007 527 1066 fuerat,
563 1008 634 1056 vir
660 1007 786 1056 bello
815 1008 1059 1072 egregiuS,
1099 1008 1247 1058 armis
1277 1011 1482 1074 arreptis
1512 1010 1656 1060 simul
1681 1010 1738 1059 ad
1767 1025 1901 1059 arma
1928 1016 2114 1060 ceteros

354 1078 485 1126 ciens
511 1077 659 1136 vadit,
694 1084 741 1126 et
766 1078 880 1126 dum
910 1079 1053 1127 ceteri
1078 1079 1344 1143 trepidant,
1372 1079 1585 1139 Gallum,
1614 1080 1694 1145 qui
1719 1080 1814 1128 iam
1841 1080 1890 1129 in
1918 1095 2112 1130 summo

354 1148 656 1206 constiterat,
692 1148 907 1196 umbone
940 1148 1088 1197 ictum
1124 1149 1359 1199 deturbat.
1413 1150 1550 1200 cuius
1586 1165 1725 1200 casus
1759 1150 1977 1214 prolapsi
2002 1165 2114 1200 cum

351 1218 604 1281 proximos
628 1224 877 1277 sterneret,
903 1219 1199 1283 trepidantes
1223 1220 1340 1269 alios
1363 1221 1607 1285 armisque
1629 1220 1826 1270 omissis
1849 1236 1976 1279 saxa,
2006 1220 2114 1285 qui-

349 1289 440 1336 bus
463 1287 802 1350 adhaerebant,
831 1289 1051 1337 manibus
1074 1290 1323 1353 amplexos
1343 1291 1566 1340 trucidat.
1611 1291 1807 1354 iamque
1828 1291 1969 1340 etalii
1991 1306 2112 1340 con-

348 1358 528 1421 gregati
555 1358 660 1406 telis
688 1358 1054 1423 missilibusque
1082 1360 1208 1408 saxis
1236 1361 1523 1424 proturbare
1545 1361 1730 1420 hostes,
1758 1361 1992 1426 ruinaque
2009 1366 2111 1410 tota

350 1428 577 1492 prolapsa
616 1428 739 1476 acies
776 1430 823 1476 in
857 1444 1087 1493 praeceps
1124 1429 1314 1479 deferri.
1367 1431 1532 1480 sedato
1562 1431 1733 1479 deinde
1761 1431 1971 1480 tumultu
1994 1430 2111 1480 reli-

349 1513 498 1560 quum
526 1498 708 1556 noctiS‚
744 1505 978 1561 quantum
1006 1500 1055 1546 in
1082 1500 1286 1548 turbatis
1315 1500 1561 1549 mentibus
1588 1506 1801 1565 poterat,
1830 1516 1940 1549 cum
1967 1516 2108 1565 prae-

345 1568 540 1615 teritum
586 1583 779 1631 quoque
821 1568 1087 1632 periculum
1130 1570 1429 1631 sollicitaret,
1475 1571 1622 1634 quieti
1656 1571 1820 1619 datum
1857 1576 1944 1619 cst.
2002 1571 2108 1620 luce

347 1644 466 1694 orta,
495 1639 676 1686 vocatis
704 1634 906 1686 classico
935 1639 992 1687 ad
1021 1639 1279 1689 concilium
1308 1640 1540 1690 militibus
1569 1641 1625 1690 ad
1652 1640 1894 1698 tribuno&
1924 1655 2035 1690 cum
2062 1648 2109 1691 et

345 1715 474 1756 recte
509 1715 555 1756 et
580 1723 838 1772 perperam
865 1709 993 1758 facto
1022 1711 1232 1773 pretium
1261 1711 1537 1770 deberetur,
1572 1711 1776 1760 Manlius
1803 1710 2014 1776 primum
2044 1710 2104 1760 ob

343 1778 567 1826 virtutem
592 1779 811 1828 laudatus
840 1779 1141 1844 donatusque
1168 1796 1269 1829 non
1297 1782 1354 1830 ab
1380 1781 1590 1831 tribunis
1612 1781 1769 1830 solum
1792 1781 1997 1830 militum
2020 1782 2104 1832 sed

345 1863 591 1897 consensu
614 1849 756 1897 etiam
784 1848 999 1911 militari3
1025 1852 1098 1899 cui
1124 1851 1339 1900 universi
1366 1852 1563 1901 selibras
1588 1851 1731 1901 farris
1757 1858 1803 1900 et
1821 1852 2093 1916 quartarios

343 1973 471 2012 durch
514 1974 603 2013 eine
645 1972 755 2013 Mine
797 1975 995 2014 versucht
1033 1976 1179 2027 baben,

343 2030 503 2069 scheint
519 2029 566 2069 L.
586 2030 697 2069 nicht
717 2030 897 2070 bekannt
913 2043 1107 2080 gewesen
1128 2046 1180 2071 zu

343 2085 454 2135 sein,
486 2099 520 2124 s.
545 2085 629 2125 Cic.
653 2085 773 2125 Caec.
797 2086 870 2136 30,
904 2086 979 2135 883
1013 2087 1115 2127 Phil.
1140 2088 1178 2139 3,

342 2140 379 2186 8,
405 2140 471 2181 20.
494 2164 551 2170 —
568 2154 648 2182 sua
668 2156 748 2196 sp.,
773 2144 876 2182 ohne
898 2141 1054 2183 fremde
1076 2144 1176 2184 Hiil·

341 2196 401 2246 se,
437 2196 794 2248 Unterstiitzung3
828 2199 873 2250 2,
896 2199 972 2247 23,
1005 2200 1027 2238 2
1057 2214 1097 2239 u.
1124 2213 1178 2252 a.,

339 2253 422 2303 vgl.
447 2267 481 2293 c.
505 2253 573 2305 43,
597 2253 635 2293 3.
657 2277 712 2283 —
732 2255 788 2294 ad
810 2254 1044 2295 Carmentis
1069 2257 1177 2307 (eine

338 2310 492 2349 andere
516 2309 639 2349 Form
665 2311 793 2350 neben
819 2311 1053 2363 Carmenta,
1079 2313 1114 2362 1,
1139 2314 1175 2362 7,

340 2366 388 2415 8)
421 2379 458 2404 n.
491 2365 664 2419 Kapelle
694 2369 775 2406 und
807 2368 926 2407 Altar
955 2369 1174 2408 derselben

338 2434 400 2460 am
432 2422 754 2462 siidwcstlichen
785 2423 919 2463 Fusse
949 2425 1022 2464 des
1053 2424 1174 2478 Capi-

339 2478 496 2517 tolium.
519 2502 574 2506 —
594 2493 775 2520 ascensu
796 2494 886 2532 aeq.
910 2481 965 2520 ist
988 2481 1069 2520 wol
1093 2482 1172 2521 abl.

338 2534 460 2585 qual.,
485 2536 559 2573 der
575 2534 700 2575 Form
720 2537 819 2575 nach
840 2536 989 2575 klinnte
1008 2550 1051 2576 es
1070 2539 1172 2576 auch

338 2590 532 2642 Supinum
556 2592 663 2641 sein,
688 2604 720 2630 s.
747 2591 819 2639 34,
843 2591 908 2644 28,
931 2591 975 2631 2;
1001 2593 1172 2632 (lescen-

337 2659 432 2686 sum
462 2645 654 2699 dtsficilis
685 2651 725 2686 et
746 2651 867 2686 artae
890 2650 1000 2697 riae,
1034 2649 1071 2698 7,
1104 2648 1169 2698 34,

335 2701 381 2740 3:
412 2702 555 2741 collem
576 2725 603 2730 -
622 2702 740 2743 adita
769 2703 972 2750 arduum-7
1006 2703 1107 2742 Sall.
1139 2703 1169 2743 Ι.

334 2758 402 2805 94,
427 2758 470 2797 2:
494 2758 622 2798 dubia
642 2761 754 2798 nisu.
770 2781 825 2788 —
840 2772 998 2811 aequus
1023 2760 1077 2798 ist
1094 2773 1171 2798 nur

335 2814 488 2853 relativ
511 2828 562 2853 zu
586 2816 773 2865 nehmen,
799 2816 850 2854 im
874 2815 1092 2865 Vergleich
1117 2829 1168 2854 zu

335 2871 410 2910 den
436 2870 637 2919 Punkten,
661 2871 726 2910 die
751 2871 860 2910 nicht
882 2871 1007 2910 leicht
1030 2885 1079 2910 zu
1099 2885 1167 2910 er-

334 2928 495 2974 steigen
534 2940 694 2966 waren:
733 2929 805 2966 ubi
840 2927 1000 2979 aliquid
1033 2930 1169 2979 iniqui

333 2986 457 3022 esset.
477 3005 531 3011 —
547 2984 702 3023 alterni
724 2990 819 3033 etc„
842 2984 974 3022 indem
997 2984 1055 3022 sie
1080 2985 1165 3023 sich

333 3039 450 3077 einer
492 3052 557 3078 um
603 3042 679 3078 den
717 3041 871 3079 andern
908 3053 982 3078 zur
1018 3040 1165 3079 Stiitze

333 3095 521 3143 dientem
563 3096 648 3134 sich
682 3096 989 3136 wecbselweise
1020 3096 1164 3146 boben,

333 3152 406 3189 ‹ler
443 3151 534 3190 eine
571 3152 711 3190 diesen
754 3153 828 3191 der
862 3153 1014 3191 andere
1039 3152 1163 3202 jenen

334 3208 536 3259 nacbzog,
568 3220 600 3246 s.
626 3208 699 3256 25,
731 3207 805 3259 20,
829 3210 876 3257 53
910 3208 1010 3248 Sall.
1035 3208 1062 3247 l.
1088 3209 1163 3247 94:

331 3263 553 3312 Naegelsb.
577 3264 618 3302 S.
644 3263 737 3304 322.

1328 1976 1352 2015 3
1368 2001 1397 2005 —
1413 1978 1452 2018 5.
1492 1991 1573 2019 non
1602 1978 1678 2018 sol.
1711 1983 1803 2029 etc.‚
1834 1990 1868 2017 c.
1890 1975 1965 2027 42,
1988 1975 2025 2016 3.
2048 1998 2104 2006 «-

1269 2035 1404 2073 sacris
1425 2034 1641 2085 attrahirt,
1673 2046 1705 2073 s.
1731 2047 1765 2073 c.
1789 2032 1863 2082 49,
1894 2032 1932 2073 7.
1954 2055 2009 2061 —
2031 2031 2105 2073 Iu-

1268 2092 1405 2139 noni-r,
1429 2091 1493 2130 die
1516 2090 1761 2140 Eigenthum
1783 2090 1857 2129 der
1874 2088 1981 2128 Juno
1998 2089 2102 2140 sind,

1270 2158 1302 2184 s.
1324 2145 1392 2195 24,
1417 2145 1455 2196 3,
1478 2146 1524 2185 4:
1546 2159 1716 2186 sacrum
1735 2146 1837 2187 deae
1855 2158 2004 2199 pecu-³3
2027 2158 2104 2185 zur

1268 2201 1400 2240 Sache
1423 2202 1528 2243 Plin.
1554 2201 1617 2251 10,
1640 2202 1708 2253 22,
1731 2202 1799 2241 51.
1815 2224 1868 2231 —
1893 2205 2042 2254 tamen,
2065 2214 2099 2242 c.

1267 2257 1335 2306 42,
1360 2259 1397 2298 7.
1415 2281 1471 2287 —
1487 2258 1685 2310 Manlius,
1709 2272 1743 2298 c.
1768 2258 1835 2297 31.
1851 2280 1907 2287 -
1922 2270 2101 2310 summo,

1268 2327 1302 2353 s.
1328 2313 1453 2365 Verg.
1477 2314 1523 2365 8,
1555 2313 1650 2354 652.
1672 2337 1727 2343 —
1745 2313 1982 2369 prolapsi-
1999 2326 2099 2367 pro-

1266 2369 1399 2424 lapsa,
1424 2384 1457 2410 s.
1479 2384 1512 2410 c.
1537 2370 1604 2421 21,
1631 2370 1693 2410 16.
1710 2393 1765 2398 -
1782 2373 1822 2409 in
1836 2383 1903 2423 pr.
1921 2368 2098 2421 deferri,

1267 2428 1342 2476 „in
1373 2428 1449 2466 den
1480 2426 1732 2476 Abgrund“3
1770 2438 1805 2464 s.
1842 2425 1917 2475 26,
1945 2425 2021 2475 45,
2051 2424 2096 2476 3;

1266 2481 1432 2521 Cornel.
1445 2480 1644 2532 Timol.,2‚
1663 2479 1818 2520 2.—1‘n
1836 2482 1946 2522 turb.
1961 2484 2101 2533 ment„

1263 2538 1346 2587 vgl.
1372 2537 1408 2590 3,
1429 2537 1495 2585 51,
1514 2537 1562 2585 43
1586 2538 1687 2576 doch
1706 2538 1762 2576 ist
1778 2550 1827 2576 an
1844 2551 1884 2576 u.
1902 2537 1964 2578 St.
1981 2537 2096 2577 viell.

1263 2595 1303 2631 in
1327 2594 1399 2632 mit
1421 2592 1586 2643 Madvig
1607 2606 1657 2632 zu
1681 2593 1824 2644 tilgen.

1321 2649 1358 2688 7.
1390 2649 1446 2689 ad
1465 2649 1624 2698 concil„
1643 2662 1674 2688 s.
1695 2648 1733 2700 8,
1753 2650 1790 2702 7,
1810 2648 1881 2688 12:
1903 2647 2096 2704 adprae-

1263 2707 1418 2744 torz'um
1446 2705 1503 2745 ad
1524 2709 1711 2760 patrem,
1742 2705 1999 2755 gewtihnlich
2025 2706 2095 2746 hat

1261 2761 1335 2800 der
1357 2761 1434 2801 Ort
1462 2763 1553 2802 eine
1574 2762 1728 2801 andere
1750 2761 1921 2814 Prapos.
1944 2761 2007 2801 als
2030 2762 2094 2801 die

1261 2816 1432 2869 Person,
1456 2831 1490 2857 s.
1513 2831 1546 2857 c.
1572 2818 1638 2867 51,
1661 2818 1708 2866 93
1733 2816 1772 2868 3,
1795 2816 1861 2869 38,
1883 2816 1930 2866 83
1954 2817 2004 2856 ib.
2025 2816 2093 2868 61,

1262 2872 1306 2911 11
1327 2887 1335 2921 ;
1359 2873 1430 2922 21,
1455 2875 1530 2924 49,
1561 2873 1609 2922 3;
1632 2874 1696 2912 bei
1719 2873 1937 2913 concilium
1957 2874 2094 2923 (sonet

1257 2933 1411 2982 contio,
1442 2943 1475 2969 s.
1507 2943 1540 2969 c.
1565 2929 1632 2977 43,
1657 2929 1706 2979 8)
1737 2929 1890 2968 konnte
1914 2931 1955 2968 in
1979 2929 2092 2968 nicht

1259 2987 1418 3025 stehen.
1471 2986 1543 3025 Die
1581 2985 1884 3025 Consulartrib.
1922 2985 2090 3024 werden

1256 3042 1338 3081 alle
1359 3040 1433 3081 auf
1449 3042 1539 3081 dem
1562 3041 1750 3094 Capitole
1771 3041 1966 3090 gedacbt,
1997 3053 2031 3080 s.
2054 3053 2090 3080 c.

1258 3099 1323 3149 48,
1346 3100 1391 3147 δ,
1414 3110 1532 3137 wenn
1555 3098 1656 3137 auch
1678 3110 1755 3136 nur
1774 3097 1981 3150 Sulpicius
2003 3097 2091 3136 hier

1258 3155 1332 3193 wie
1355 3156 1393 3193 in
1418 3155 1492 3193 der
1513 3154 1706 3194 Schlacht
1722 3153 1784 3192 als
1803 3152 2006 3192 handelnd
2023 3165 2092 3193 er-

1258 3211 1430 3250 scheint.

1314 3267 1350 3306 8.
1376 3268 1457 3316 cui,
1482 3266 1666 3317 obgleich
1689 3268 1779 3305 et‘us
1799 3263 1917 3316 folgt,
1940 3276 2006 3304 um
2022 3264 2087 3304 die
