2221 3537
298 181 399 231 356
1017 173 1335 216 PERIOCHAE.

297 305 529 349 exercitum
550 305 731 345 hostium
753 303 847 344 urbi
869 303 1141 354 admovisset,
1163 309 1205 344 et
1227 302 1344 343 missi
1366 302 1417 342 ad
1435 315 1525 343 eum
1543 303 1716 355 primum
1738 303 1884 354 legati,
1905 309 2052 356 postea

296 364 538 406 sacerdotes
560 360 720 402 frustra
749 359 960 414 deprecati
991 365 1146 410 essent,
1179 372 1227 400 ne
1259 359 1411 400 bellum
1442 359 1605 413 patriae
1637 357 1840 410 inferret,
1869 359 2051 401 Veturia

295 426 429 461 mater
450 425 491 459 et
512 417 735 458 Volumnia
764 431 872 458 uxor
905 417 1240 470 impetraverunt
1270 415 1320 456 ab
1352 429 1416 469 eo,
1445 422 1494 457 ut
1513 416 1744 457 recederet.
1774 415 1845 456 lex
1879 416 2050 468 agraria

296 477 470 531 primum
490 475 576 516 lata
598 482 677 516 est.
711 474 887 528 Spurius
925 474 1096 515 Cassius
1133 473 1369 513 consularis
1404 472 1524 524 regni
1546 473 1722 514 crimine
1751 472 1968 514 damnatus
1989 478 2056 514 est

294 540 561 586 necatusque.
593 532 671 573 Ilia
702 532 824 584 virgo
857 531 1046 572 Vestalis
1079 531 1128 570 ob
1165 531 1365 570 incestum
1386 529 1486 570 viva
1508 528 1672 570 defossa
1695 534 1772 570 est.
1805 542 1897 570 cum
1916 529 2052 570 vicini

292 589 493 631 Veientes
515 589 760 630 incommodi
782 588 911 639 magis
932 600 1050 641 quam
1071 600 1224 639 graves
1247 592 1400 639 essent,
1419 585 1581 627 familia
1597 585 1818 628 Fabiorum
1841 586 1882 627 id
1897 586 2051 627 bellum

291 648 515 700 gerendum
537 646 777 700 depoposcit
798 645 993 698 misitque
1015 644 1057 684 in
1087 644 1127 684 id
1150 649 1363 684 trecentos
1393 656 1469 684 sex
1492 649 1689 696 armatos,
1718 643 1789 696 qui
1809 644 1862 684 ad
1883 643 2050 684 Creme-

292 717 378 745 ram
401 708 568 758 praeter
589 716 712 743 unum
733 702 785 742 ab
808 702 999 742 hostibus
1022 701 1135 741 caesi
1158 707 1267 741 sunt.
1290 699 1447 754 Appius
1468 699 1666 741 Claudius
1683 699 1845 752 consul,
1867 712 1958 741 cum
1975 700 2049 740 ad-

295 774 444 802 versus
466 760 647 800 Volscos
669 759 930 799 contumacia
948 759 1161 798 exercitus
1183 757 1289 798 male
1309 763 1528 811 pugnatum
1551 762 1676 809 esset,
1697 756 1898 797 decimum
1915 769 2054 810 quem-

296 831 373 872 que
394 818 577 858 militum
599 816 708 857 fuste
731 815 951 869 percussit.
985 828 1053 855 res
1086 821 1303 869 praeterea
1335 815 1534 855 adversus
1564 813 1744 854 Vulscos
1774 818 1820 854 et
1841 812 2047 863 Hernicos

297 881 341 916 et
362 875 561 916 Veientes
583 880 624 915 et
642 873 871 914 seditiones
892 872 1003 913 inter
1023 878 1164 925 patres
1188 871 1427 926 plebemque
1448 870 1647 911 continet.
