2221 3537
245 234 341 281 112
860 227 1021 269 LIBER
1040 227 1108 269 ΠΙ.
1159 228 1275 270 CAP.
1291 228 1361 270 56.
1792 248 1826 272 ι.
1851 248 1887 272 u.
1911 240 1992 274 305.

186 366 209 406 8
242 358 399 407 venire
433 370 636 421 poenas:
670 370 958 419 provocare,
997 355 1077 419 qui
1102 355 1496 419 provocationem
1524 354 1817 413 sustulisset,
1842 360 1890 404 et
1912 354 1994 404 in-

157 929 208 969 10

166 1280 210 1320 11

160 1419 209 1460 12

161 1702 209 1742 13

241 429 430 493 plorare
456 426 746 491 praesidium
775 426 958 490 populi,
987 426 1067 489 qui
1094 426 1256 475 omnia
1282 425 1383 474 iura
1405 425 1572 491 populi
1595 425 1838 484 obtrisset,
1861 425 1992 490 rapi-

243 514 334 562 que
360 498 407 546 in
434 497 586 546 vincla
613 504 830 559 egentem
858 496 959 545 iure
986 496 1236 554 libertatiS,
1264 496 1344 559 qui
1371 496 1575 546 liberum
1606 510 1786 560 corpus
1812 495 1863 544 in
1889 510 1994 544 ser-

241 569 436 617 vitutem
458 567 732 623 addixisset,
760 567 911 630 ipsius
933 566 1057 630 Appi
1086 566 1210 614 inter
1230 566 1470 615 contionis
1492 581 1717 616 murmur
1735 566 1881 619 fidem
1901 581 1994 630 po-

242 638 342 703 puli
368 638 574 687 Romani
601 637 888 701 inplorantis
917 652 1006 685 vox
1033 636 1328 685 audiebatur.
1356 636 1594 685 maiorum
1620 636 1789 686 merita
1814 636 1864 685 in
1889 650 1993 685 rem

241 709 480 773 publicam
521 708 654 757 domi
696 708 982 770 militiaeque
1023 707 1459 764 commemorabat,
1499 722 1642 756 suum
1687 705 1851 755 infelix
1885 721 1996 770 erga

242 779 434 844 plebem
463 780 729 828 Romanam
758 778 988 835 studium,
1016 792 1109 840 quo
1138 777 1500 840 aequandarum
1526 777 1684 839 legum
1714 791 1858 824 causa
1883 790 1993 825 cum

243 850 450 898 maxima
486 848 756 897 offensione
785 855 976 911 patrum
1007 848 1260 895 consulatu
1286 847 1477 903 abisset,
1506 861 1618 895 suas
1643 846 1792 909 legeS‚
1819 844 1996 909 quibus

243 920 550 968 manentibus
579 918 700 965 lator
734 932 898 965 earum
926 917 974 964 in
1001 917 1153 965 vincla
1181 916 1396 965 ducatur.
1447 922 1658 965 ceterum
1686 930 1773 964 sua
1798 914 1998 980 propria

244 989 375 1038 bona
402 990 637 1051 malaque,
665 1002 772 1035 cum
802 1002 970 1035 causae
997 987 1222 1035 dicendae
1249 986 1353 1035 data
1380 986 1580 1034 facultas
1608 986 1684 1043 sit,
1710 992 1814 1034 tum
1841 1000 1895 1034 se
1914 1001 1997 1034 ex-

219 1066 518 1123 .perturum:
555 1061 603 1106 in
632 1058 901 1121 praesentia
930 1072 981 1105 se
1009 1057 1257 1105 communi
1283 1057 1384 1105 iure
1411 1056 1611 1105 civitatis
1639 1056 1790 1104 civem
1815 1055 1997 1104 Roma-

243 1145 360 1179 num
393 1130 467 1178 die
497 1129 619 1178 dicta
647 1128 906 1192 postulare,
934 1135 986 1176 ut
1012 1127 1169 1176 dicere
1193 1128 1343 1186 liceat,
1370 1133 1423 1175 ut
1447 1126 1677 1176 iudicium
1704 1125 1872 1190 populi
1898 1125 1999 1174 Ro-

245 1200 377 1249 mani
403 1199 621 1262 experiri.
672 1213 772 1246 non
793 1199 855 1246 ita
882 1213 933 1246 se
954 1197 1180 1246 invidiam
1206 1197 1527 1261 pertimuisse,
1554 1204 1607 1246 ut
1625 1196 1743 1245 nihil
1763 1196 1810 1245 in
1832 1196 1998 1260 aequi-

250 1277 344 1319 tate
379 1278 425 1318 et
453 1269 783 1318 misericordia
812 1268 982 1316 civium
1012 1283 1214 1316 suorum
1242 1269 1344 1332 spei
1371 1267 1556 1315 habeat.
1606 1267 1734 1330 quod
1763 1266 1804 1315 si
1825 1266 2000 1315 indicta

249 1356 390 1390 causa
425 1340 472 1388 in
510 1339 656 1387 vincla
693 1339 916 1394 ducatur,
952 1338 1123 1386 iterum
1162 1354 1213 1386 se
1249 1338 1474 1386 tribunos
1510 1337 1662 1401 plebei
1688 1335 1926 1401 appellare
1954 1341 2002 1384 et

247 1426 469 1463 monere,
497 1425 556 1457 ne
583 1409 834 1457 imitentur
858 1424 981 1472 quos
1010 1409 1214 1456 oderint.
1266 1409 1394 1471 quod
1425 1408 1465 1456 si
1491 1407 1670 1456 tribuni
1696 1407 1866 1455 eodem
1890 1406 2001 1454 foe-

247 1483 358 1530 dere
387 1481 620 1543 obligatos
649 1495 699 1527 se
724 1479 963 1527 fateantur
988 1479 1226 1527 tollendae
1253 1478 1584 1541 appellationis
1612 1492 1771 1535 causa,
1798 1475 1849 1524 in
1869 1475 2000 1540 quod

246 1552 554 1615 conspirasse
591 1550 888 1597 decemviros
917 1548 1150 1597 criminati
1179 1549 1291 1604 sint,
1320 1555 1367 1596 at
1392 1563 1443 1596 se
1471 1562 1733 1611 provocare
1760 1547 1816 1595 ad
1839 1561 2001 1611 popu-

245 1622 360 1677 lum,
384 1621 626 1684 inplorare
646 1619 773 1682 leges
798 1619 855 1667 de
882 1619 1227 1682 provocatione
1254 1626 1299 1666 et
1325 1618 1605 1666 consulares
1633 1624 1680 1666 et
1703 1616 2001 1676 tribuniciaS,

247 1708 303 1740 eo
333 1692 440 1755 ipso
470 1705 596 1739 anno
624 1690 759 1738 latas.
813 1705 953 1753 quem
983 1689 1108 1736 enim
1131 1695 1521 1752 provocaturum,
1548 1688 1588 1736 si
1609 1688 1702 1736 hoc
1722 1687 2000 1737 indemnato

247 1762 420 1810 indicta
449 1776 590 1809 causa
618 1775 717 1808 non
744 1757 917 1808 liceat?
946 1760 1018 1807 cui
1047 1759 1230 1823 plebeio
1260 1765 1306 1806 et
1339 1758 1507 1807 humili
1534 1758 1825 1820 praesidium
1854 1757 1902 1804 in
1931 1756 2000 1805 le-

246 1832 381 1896 gibus
426 1832 550 1889 fore,
594 1831 634 1878 si
678 1832 765 1894 Ap.
802 1830 995 1878 Claudio
1043 1844 1143 1877 non
1189 1826 1290 1877 sit?
1334 1844 1386 1877 se
1428 1829 1720 1877 documento
1762 1828 2000 1884 futurum,

247 2027 297 2053 zu
327 2013 540 2052 beacbten.
570 2035 623 2040 —
645 2024 814 2065 proroc.
846 2017 941 2059 etc.,
979 2025 1011 2052 S.
1044 2011 1081 2060 2,

248 2071 313 2118 55,
337 2070 374 2108 7.
394 2092 445 2097 —
464 2072 600 2120 egent.
625 2071 649 2107 ι’.
668 2068 707 2117 1.,
731 2069 780 2106 im
801 2068 1081 2118 Begrifl'seine

247 2127 390 2176 eigene
415 2125 597 2164 Freiheit
619 2138 668 2163 zu
691 2124 915 2163 verlieren.

304 2181 428 2221 9-10.
460 2183 668 2220 maiorum
691 2182 745 2220 ist
768 2181 877 2219 nicht
899 2194 949 2219 zu
972 2180 1084 2230 urgi-

248 2250 343 2286 ren,
381 2238 429 2276 da
472 2238 595 2275 deren
636 2237 734 2275 nach
777 2236 822 2277 L.
865 2237 1081 2275 ho'chstens

247 2295 351 2334 zwei
375 2307 426 2332 zu
448 2292 547 2332 Rom
569 2293 723 2343 gelebt‚
754 2293 833 2331 und
858 2293 907 2331 im
929 2291 1082 2342 h'riege

248 2351 503 2400 wenigstens
546 2350 678 2388 nichts
720 2362 799 2387 von
843 2349 1084 2399 ssedeutung

249 2407 396 2457 gethan
415 2406 555 2457 haben,
575 2418 607 2444 s.
631 2419 664 2445 c.
689 2405 750 2455 17,
769 2405 805 2444 S.
823 2427 878 2433 —
893 2407 1086 2444 maoez'ma

250 2465 343 2514 offl,
365 2462 447 2511 vgl.
462 2475 512 2500 zu
529 2475 562 2501 c.
577 2461 642 2509 33,
663 2461 699 2500 6.
715 2474 940 2511 -εανιινη,
964 2461 998 2511 l,
1019 2460 1085 2510 28,

255 2519 319 2557 10.
342 2539 398 2545 —
418 2519 609 2571 propria,
642 2518 718 2556 ihm
750 2517 982 2568 persb'nlich
1014 2529 1087 2555 an-

251 2574 510 2623 gehiirende3
545 2574 581 2611 in
615 2572 837 2611 Riicksieht
871 2571 944 2611 auf
969 2572 1084 2611 seiue

254 2628 502 2668 Vct-fabren.
535 2651 590 2656 —
626 2630 734 2667 bona
755 2651 780 2655 —
802 2628 935 2679 mala,
970 2629 1083 2667 seine

252 2684 503 2724 Verdienste
534 2685 613 2722 und
645 2685 758 2723 seine
790 2684 962 2734 Schuld,
1003 2696 1087 2722 was

255 2742 334 2780 ihm
357 2741 420 2779 bei
439 2742 577 2779 seiner
595 2740 921 2789 Vertheidigung
938 2740 1088 2778 niitzen

255 2798 357 2837 oder
385 2798 560 2835 schaden
592 2796 739 2845 ko'nne,
768 2808 799 2834 s.
830 2797 930 2835 Sall.
966 2795 992 2834 1.
1025 2796 1088 2846 73,

254 2853 294 2892 4.
331 2876 386 2881 —
421 2852 486 2892 die
513 2853 646 2901 dicta,
684 2858 773 2890 erst
800 2864 849 2890 an
880 2853 970 2891 dem
1002 2850 1088 2891 Ge-

255 2910 482 2959 ricbtstage
518 2908 665 2956 selbst,
700 2921 776 2946 vor
811 2909 900 2947 dem
940 2907 1087 2956 Volke,

257 2966 367 3004 nicht
383 2965 494 3016 jetzt
516 2966 639 3004 schon
663 2965 743 3003 und
767 2965 971 3014 ungeho'rt
1001 2964 1086 3002 will

257 3034 304 3061 er
326 3022 532 3071 gerichtet
554 3021 641 3060 sein
674 3021 753 3059 und
779 3020 917 3059 Strafe
942 3021 1088 3071 leiden,

257 3077 321 3117 die
340 3090 386 3116 er
404 3078 528 3116 sehon
551 3078 588 3116 in
607 3075 961 3125 derVerhaftung,
985 3089 1016 3115 s.
1038 3090 1089 3115 zu

257 3132 283 3185 ξ
306 3133 329 3172 3
351 3146 388 3172 a.
413 3133 474 3184 E„
509 3133 646 3172 findet.
675 3155 730 3161 —
758 3145 986 3183 commune,
1016 3133 1088 3171 das

259 3189 367 3228 allen
390 3186 817 3239 gemeinschaftliche‚
848 3189 898 3228 im
922 3187 1088 3238 Gegen-

259 3251 374 3284 satze
393 3258 443 3284 zu
455 3246 544 3285 dem
557 3246 805 3286 vornehmen
818 3244 1090 3285 Geschlechte

1174 2013 1247 2051 der
1270 2011 1463 2051 Claudier
1486 2009 1512 2062 ξ
1542 2010 1588 2058 9;
1622 2009 1693 2057 13;
1725 2022 1759 2049 c.
1791 2007 1858 2059 53,
1887 2007 1933 2057 93
1964 2005 2002 2058 6,

1173 2068 1237 2119 40,
1264 2068 1305 2105 6:
1329 2070 1368 2106 si
1389 2066 1585 2107 Claudiae
1591 2065 1795 2118 familiae
1813 2077 1897 2104 non
1911 2065 2006 2115 sim,

1174 2124 1375 2164 sedunus
1402 2123 1628 2173 Quiritium
1656 2121 1840 2175 quilibet.
1866 2144 1921 2150 —
1948 2121 2006 2160 ci-

1174 2183 1316 2220 vitatis
1339 2183 1482 2230 civem,
1506 2180 1561 2218 ist
1581 2178 1821 2218 absichtlich
1844 2188 2006 2216 zusam-

1172 2236 1439 2287 mengestellt
1467 2237 1545 2275 wie
1573 2233 1600 2287 ξ
1623 2233 1646 2273 8
1674 2222 1884 2274 sibertatis
1903 2255 1931 2260 —
1949 2231 2005 2271 Ιί-

1173 2294 1332 2333 berum.

1235 2346 1401 2387 12-13.
1438 2345 1645 2399 foedere,
1682 2358 1715 2384 c.
1759 2343 1825 2391 36,
1869 2343 1916 2393 63
1959 2355 2006 2383 er

1174 2405 1368 2444 schliesst
1392 2403 1527 2441 dieses
1553 2403 1717 2451 damus,
1742 2400 1836 2439 weil
1861 2400 2008 2439 keiner

1175 2461 1253 2499 ihm
1285 2459 1476 2498 beistebt.
1506 2481 1560 2486 —-
1595 2458 1724 2510 leges,
1761 2457 1835 2496 der
1864 2455 2007 2496 Plura!

1175 2529 1239 2556 um
1263 2529 1314 2554 zu
1336 2515 1533 2565 steigern,
1562 2527 1595 2553 s.
1619 2527 1651 2552 c.
1683 2514 1749 2563 55,
1780 2513 1828 2561 43
1864 2511 1927 2552 14.
1950 2533 2007 2540 —

1174 2571 1418 2611 consulares
1459 2584 1537 2609 von
1576 2569 1776 2618 Consuln,
1813 2569 2006 2609 tribunic.

1177 2641 1255 2667 von
1281 2627 1490 2666 Tribunen
1515 2627 1782 2676 beantragte3
1811 2625 1876 2664 die
1898 2624 2008 2664 letz-

1178 2690 1296 2724 teren
1339 2684 1502 2722 beissen
1537 2683 1626 2722 hier
1659 2693 1848 2732 ungenau
1883 2681 2007 2720 sehon

1177 2741 1290 2792 leges
1320 2746 1422 2779 statt
1447 2739 1675 2793 plebiscita,
1711 2750 1745 2778 s,
1782 2737 1847 2777 die
1876 2736 2008 2776 stelle

1178 2809 1252 2836 aus
1276 2795 1401 2835 Gaius
1425 2809 1461 2834 z.
1486 2809 1518 2835 c.
1543 2796 1608 2846 55,
1630 2794 1677 2843 33
1709 2793 1816 2833 Gell.
1848 2793 1911 2843 15,
1940 2791 2008 2841 27,

1179 2854 1222 2892 4:
1266 2867 1317 2892 ne
1351 2852 1465 2906 leges
1499 2851 1663 2904 quidem
1704 2850 1898 2904 proprio,
1935 2847 2012 2888 sed

1176 2910 1393 2964 plebiscita
1421 2907 1698 2963 appellantur,
1735 2919 1840 2958 quae
1874 2906 2009 2945 tribu-

1177 2967 1246 3005 nis
1285 2966 1339 3020 pl.
1369 2965 1622 3018 serentibus
1667 2965 1838 3016 accepta
1884 2963 2007 3010 sunt3

1179 3022 1404 3062 Mommsen
1432 3019 1605 3060 Forsch.
1639 3018 1731 3057 195.
1758 3039 1815 3047 ·—
1847 3015 2008 3057 indem-

1178 3081 1277 3117 nato
1302 3083 1397 3129 etc.‚
1425 3076 1528 3116 noch
1558 3075 1688 3114 bevor
1716 3074 1790 3112 der
1810 3085 1903 3112 vom
1925 3073 2010 3112 Au-

1179 3133 1325 3183 kla'ger
1372 3131 1569 3184 gestellte
1616 3127 1879 3180 Strafantrag
1916 3140 2009 3168 vom

1175 3189 1309 3229 Volke
1338 3188 1573 3240 geuehmigt
1602 3187 1676 3237 ist,
1703 3186 1808 3225 ohne
1837 3186 1933 3225 dass
1962 3195 2010 3222 er

1179 3246 1264 3284 sich
1305 3246 1375 3285 hat
1413 3242 1698 3293 vertheidigen
1740 3241 1919 3282 kunnan.
1954 3261 2010 3268 —
