2221 3537
1966 36 1984 47 Ἣ
2100 39 2120 50 3,

276 244 343 292 22
843 238 1005 280 LIBER
1025 238 1094 280 111.
1147 239 1264 280 CAP.
1287 240 1352 279 10.
1376 238 1440 279 11.
1824 260 1858 283 a.
1882 260 1920 284 u.
1944 252 2024 286 293.

215 379 239 418 9
275 370 372 417 lam
407 367 610 417 concilia
636 366 814 427 facere,
841 366 890 415 id
917 372 1085 430 caput,
1110 382 1191 415 eas
1219 366 1346 414 vires
1369 365 1481 415 belli
1505 380 1631 414 esse.
1683 371 1736 414 ut
1759 366 1878 415 haec
1902 365 2028 416 dicta

275 440 326 487 in
352 445 522 487 senatu
548 444 674 496 sunt,
702 437 902 486 dilectus
928 437 1144 485 edicitur.
1184 435 1408 484 consules
1428 436 1537 485 belli
1556 435 2029 485 administrationem

273 509 398 557 inter
424 524 476 556 se
503 508 745 571 dispertiri
773 507 910 565 iussi,
939 506 1071 555 alteri
1099 513 1150 554 ut
1170 505 1343 564 Volsci,
1368 506 1502 555 alteri
1527 512 1582 555 ut
1605 506 1753 570 Aequi
1779 506 2029 570 provincia

188 588 238 628 10
274 585 418 628 esset.
457 579 638 627 tribuni
661 593 826 626 coram
849 578 894 625 in
916 576 1025 624 foro
1041 590 1307 639 personare
1322 576 1532 625 fabulam
1548 576 1853 641 conpositam
1869 576 2028 626 Volsci

272 648 398 710 belli,
426 648 660 697 Hernicos
698 648 754 697 ad
793 653 950 711 partes
978 652 1194 710 paratos,
1243 646 1339 695 iam
1365 661 1428 696 ne
1453 646 1627 696 virtute
1652 646 1845 710 quidem
1872 646 2028 711 premi

187 727 232 767 11
271 719 541 768 libertatem
577 718 744 783 populi
771 716 1003 774 Romani,
1032 716 1115 764 sed
1142 722 1242 765 arte
1267 716 1409 766 eludi.
1459 716 1568 781 quia
1595 717 1848 766 occidione
1873 731 2030 782 prope

274 790 467 838 occisos
494 790 697 837 Volscos
725 794 772 836 et
796 789 988 850 Aequos
1025 802 1221 836 movere
1254 802 1343 836 sua
1376 793 1552 850 sponte
1589 803 1724 836 arma
1757 801 1908 850 posse
1932 787 2029 836 iam

274 860 393 908 fides
421 860 609 916 abierit,
644 873 798 907 novos
831 858 1002 906 hostes
1025 858 1214 921 quaeri3
1249 858 1488 906 coloniam
1516 857 1676 914 fidam,
1700 857 2030 920 propinquam

189 939 238 979 12
275 929 504 978 infamem
533 929 652 978 fieri.
705 927 882 976 bellum
910 927 1116 976 innoxiis
1137 927 1412 976 Antiatibus
1440 927 1601 985 iudici,
1629 927 1730 990 geri
1756 941 1866 975 cum
1892 926 2031 991 plebe

272 999 514 1058 Romana,
541 1014 684 1062 quam
708 1004 957 1046 oneratam
983 998 1131 1046 armis
1157 1013 1214 1046 ex
1239 998 1361 1047 urbe
1386 997 1635 1062 praecipiti
1661 996 1853 1060 agmine
1879 997 2031 1046 acturi

186 1078 236 1117 13
273 1077 458 1126 essent,
492 1069 630 1117 exilio
668 1075 714 1116 et
738 1068 1029 1131 relegatione
1057 1067 1229 1117 civium
1256 1068 1542 1117 ulciscentes
1567 1067 1809 1117 tribunos.
1858 1067 1942 1127 sic,
1967 1082 2030 1117 ne

272 1139 387 1203 quid
414 1139 542 1188 aliud
569 1145 729 1188 actum
756 1145 942 1203 putent,
971 1139 1142 1187 victam
1164 1138 1316 1202 legem
1345 1154 1467 1200 esse,
1496 1138 1607 1197 nisi,
1634 1138 1749 1186 dum
1770 1137 1820 1185 in
1840 1137 2029 1201 integro

270 1225 350 1258 res
378 1210 456 1266 sit,
485 1210 601 1258 dum
624 1210 771 1267 domi,
791 1215 896 1258 tum
917 1210 1066 1272 togati
1089 1208 1201 1266 sint,
1227 1216 1443 1267 caveant,
1470 1224 1531 1258 ne
1550 1208 1869 1273 possessione
1893 1207 2030 1264 urb'rs

272 1280 533 1342 pellantur,
567 1295 627 1328 ne
661 1279 827 1342 iugum
857 1279 1108 1343 accipiant.
1161 1279 1201 1327 si
1228 1280 1418 1328 animus
1446 1279 1532 1336 sit,
1571 1293 1673 1327 non
1699 1278 1868 1327 defore
1893 1277 2031 1327 auxi-

186 1355 236 1395 14
270 1350 410 1407 lium3
448 1350 723 1398 consentire
761 1365 932 1398 omnes
966 1350 1207 1398 tribunos,
1265 1351 1448 1399 nullum
1486 1356 1727 1398 terrorem
1760 1354 2028 1406 externum,

270 1420 454 1468 nullum
482 1421 749 1484 periculum
778 1436 907 1477 esse3
936 1420 1121 1469 cavisse
1143 1420 1259 1469 deos
1280 1422 1444 1484 priore
1463 1435 1608 1476 anno,
1636 1426 1692 1468 ut
1710 1425 1813 1468 tuto
1835 1418 2028 1467 libertas

172 1488 234 1535 11
274 1490 463 1538 defendi
506 1497 689 1554 posset.
758 1491 878 1538 haec
909 1490 1105 1538 tribuni.
1170 1494 1232 1538 At
1264 1506 1319 1539 ex
1354 1496 1492 1554 parte
1526 1490 1671 1539 altera
1714 1489 1940 1538 consules
1978 1488 2028 1537 in

270 1567 536 1624 conspectu
564 1575 734 1609 eorum
763 1560 937 1624 positis
966 1560 1094 1608 sellis
1122 1559 1350 1609 dilectum
1378 1559 1631 1609 habebant.
1684 1574 1739 1607 eo
1769 1559 2030 1608 decurrunt

267 1630 451 1679 tribuni
487 1631 866 1694 contionemque
902 1645 1068 1679 secum
1104 1631 1318 1679 trahunt.
1372 1630 1501 1680 citati
1533 1629 1673 1694 pauci
1698 1628 1826 1678 velut
1849 1628 1918 1678 rei
1943 1644 2027 1678 ex-

326 1853 465 1892 9-11.
509 1853 697 1898 dilectus,
724 1853 788 1892 die
813 1850 1105 1902 Wegfiihrung

270 1911 341 1949 des
371 1910 529 1949 Heeres
559 1910 638 1948 und
669 1910 733 1948 die
765 1908 1106 1958 Zuriickhaltung

270 1966 488 2005 desselben
522 1967 573 2004 im
599 1965 726 2004 Felde
756 1977 897 2003 waren
920 1964 1008 2003 eins
1032 1965 1105 2002 der

271 2022 429 2071 Mittel,
467 2023 591 2060 deren
634 2021 719 2060 sich
757 2021 830 2058 der
867 2020 995 2058 Senat
1033 2020 1105 2058 be-

271 2078 407 2117 diente
430 2091 495 2116 um
517 2078 588 2116 das
609 2077 714 2115 Volk
738 2089 829 2114 vom
847 2076 1105 2114 Abstimmen

270 2134 373 2173 iiber
409 2134 662 2182 missliebige
693 2132 874 2171 Gesetze
905 2132 1105 2170 abzubal-

271 2197 362 2240 ten,
395 2203 428 2230 s,
460 2204 493 2230 c.
528 2190 594 2239 24,
618 2190 663 2236 23
696 2188 769 2227 Dio
793 2188 908 2227 Cass.
933 2185 1013 2237 frg.
1037 2186 1104 2238 20,

276 2246 309 2284 1.
332 2269 388 2274 —
409 2259 574 2294 coram,
605 2245 855 2294 Angesicbts
887 2245 962 2283 der
985 2243 1106 2283 Men-

271 2303 411 2351 schen,
431 2315 534 2352 ganz
548 2302 771 2340 offentlicli.
789 2323 844 2329 —
859 2313 1104 2355 personare,

272 2359 361 2397 hier
384 2359 492 2407 lant,
518 2358 703 2397 la'rmend
727 2355 859 2405 rufen,
882 2357 1010 2395 daher
1032 2357 1106 2396 der

271 2427 354 2453 acc.
379 2428 411 2452 c.
445 2413 538 2463 inf„
568 2420 687 2453 sonst
709 2413 1001 2452 wiederballen
1025 2425 1104 2451 von

272 2471 360 2509 dem
380 2470 481 2509 Orte
501 2471 537 2515 7,
559 2470 597 2519 6,
620 2470 681 2521 12,
701 2470 801 2508 oder
818 2470 907 2507 dein
926 2468 1109 2520 Gespro-

272 2527 425 2565 chenen
458 2526 523 2571 41,
551 2526 588 2571 2,
615 2526 651 2575 7,
675 2526 756 2575 vgl.
783 2525 882 2563 Tac.
908 2523 1012 2563 Ann.
1040 2525 1104 2573 14,

275 2582 339 2620 15.
360 2603 416 2609 —-
435 2582 651 2632 fabulam,
682 2594 726 2619 es
751 2582 889 2619 werde
914 2581 1004 2618 eine
1028 2580 1107 2618 Co-

271 2638 406 2677 miidie
425 2638 624 2688 gespielt3
651 2638 724 2675 der
741 2636 903 2687 Tropus
924 2636 1020 2674 wird
1040 2636 1106 2675 bei

268 2697 416 2749 pprtes
447 2694 526 2731 und
558 2696 651 2731 aree
680 2692 792 2731 eludi
811 2692 1102 2742 festgebalten,

272 2763 305 2788 s.
331 2750 459 2801 prael'.
485 2750 530 2796 93
555 2749 705 2787 :luders
729 2764 761 2787 c.
788 2749 853 2794 44,
874 2750 911 2797 9,
935 2748 1018 2798 vgl.
1037 2749 1103 2798 40,

277 2805 337 2857 12,
356 2805 392 2846 S.
413 2829 465 2833 —-
488 2819 540 2843 ue
562 2829 585 2832 *-
608 2805 774 2856 quidem
793 2818 868 2843 vor
885 2804 961 2843 sed
981 2804 1107 2854 „kei-

274 2864 515 2912 neswegs“.
559 2864 722 2907 vir-tate,
747 2862 871 2900 durch
896 2862 1104 2900 entscbie-

272 2920 422 2967 denes,
468 2918 734 2966 energiscbes
770 2915 1005 2956 Austreten.
1061 2915 1103 2955 In

273 2975 347 3013 der
359 2973 466 3013 Tbat
485 2974 637 3012 kommt
655 2986 698 3011 es
713 2974 921 3012 nicbtzum
935 2971 1102 3023 Hriege.

273 3053 329 3058 —
351 3030 559 3069 occidione
576 3053 601 3057 -
621 3031 755 3078 occisi,
781 3030 1023 3068 bezeichnet
1041 3030 1104 3068 bei

274 3086 322 3127 L.
354 3085 414 3125 oft
443 3087 507 3124 die
541 3086 688 3136 viillige
712 3086 983 3136 Niederlage,
1015 3087 1105 3125 bier

276 3143 504 3194 entspricht
526 3155 570 3181 es
593 3144 754 3181 accisae
776 3155 857 3181 res.

336 3198 497 3237 12-13.
536 3201 637 3250 geri
662 3200 764 3237 ohne
795 3198 888 3246 sed,
922 3211 953 3236 s.
978 3211 1012 3236 c.
1037 3197 1103 3250 46,

276 3254 322 3303 33
355 3255 429 3305 71,
453 3255 499 3302 ὃς
534 3257 568 3304 l,
591 3255 656 3306 25,
680 3254 718 3295 3.
748 3277 801 3283 -—-
830 3254 1104 3306 relegatione,

1197 1866 1230 1892 s.
1259 1851 1375 1892 Fest.
1407 1864 1446 1904 p.
1477 1849 1579 1890 278:
1616 1849 1801 1902 relegati·
1830 1849 2029 1890 dicuntur

1193 1910 1366 1963 proprie
1387 1909 1535 1960 quibus
1556 1907 1815 1959 ignominiae
1833 1909 1910 1946 aut
1928 1919 2030 1960 poe·

1195 1979 1274 2004 nae
1295 1977 1423 2004 causa
1439 1977 1606 2003 necesse
1624 1966 1690 2002 est
1704 1964 1756 2002 ab
1772 1963 1878 2002 urbe
1893 1961 2032 2002 Roma

1195 2044 1222 2048 —
1249 2023 1398 2060 abesse
1436 2020 1528 2071 lege
1564 2020 1813 2071 senatuique
1839 2018 2028 2059 consulto

1196 2080 1273 2116 aut
1300 2076 1433 2116 edicto
1461 2076 1762 2127 magistratus.
1805 2074 1880 2114 Die
1902 2073 2029 2114 Rele-

1197 2133 1336 2183 gation
1360 2132 1503 2171 wurde
1522 2144 1598 2170 zur
1619 2130 1715 2170 Zeit
1736 2131 1811 2169 der
1825 2129 2030 2183 Republik

1179 2189 1355 2241 'selten,
1386 2189 1467 2227 und
1498 2188 1614 2227 mehr
1642 2187 1746 2227 iiber
1774 2185 2029 2237 Peregrinen

1196 2245 1259 2284 als
1291 2245 1394 2284 iiber
1424 2244 1583 2293 Biirger
1612 2243 1837 2292 verb‘zingt,
1870 2256 1904 2283 s.
1926 2243 1966 2294 4,
1987 2243 2028 2290 4,

1197 2300 1243 2349 ὓς
1262 2300 1495 2349 4Ο,41,10;
1515 2299 1597 2339 Cic.
1615 2299 1726 2338 Sest.
1744 2299 1789 2338 12
1804 2312 1814 2348 3
1832 2299 1960 2339 daher
1977 2299 2033 2339 ist

1198 2358 1258 2396 sie
1280 2370 1316 2396 a.
1339 2371 1379 2396 u.
1402 2356 1463 2395 St.
1487 2369 1564 2394 nur
1585 2369 1662 2394 zur
1682 2355 1935 2406 Steigerung
1957 2355 2030 2396 des

1198 2413 1397 2463 Begriffes
1428 2412 1501 2451 mit
1529 2411 1658 2451 exilio
1690 2411 1946 2451 verbunden.
1975 2433 2031 2440 —

1198 2470 1357 2520 togati,
1390 2467 1626 2517 Gegensatz
1648 2481 1699 2506 zu
1723 2470 1940 2507 oneratam
1960 2480 2032 2507 ar-

1196 2528 1295 2575 mis,
1328 2523 1401 2575 22,
1424 2523 1490 2574 38,
1514 2525 1562 2562 9:
1593 2523 1675 2562 Cic.
1702 2522 1782 2562 Pis.
1808 2522 1881 2562 30:
1911 2525 2030 2578 pacis

1198 2584 1261 2620 est
1288 2583 1455 2630 insigne
1484 2584 1525 2619 et
1546 2581 1625 2619 otii
1647 2582 1760 2631 toga.
1790 2601 1845 2608 —
1873 2583 2030 2629 actum,

1197 2636 1482 2686 beabsichtigt.
1505 2659 1553 2664 —
1579 2649 1691 2689 poss.
1714 2637 1848 2686 urbis,
1871 2636 1922 2676 im
1946 2634 2031 2677 Ge-

1197 2698 1396 2743 gensatze
1435 2706 1485 2731 zu
1514 2692 1739 2744 relegatiO,
1774 2698 1890 2744 passt
1918 2693 2031 2732 nicht

1197 2763 1301 2799 ganz
1320 2747 1469 2787 aufdie
1487 2747 1653 2788 friihere
1672 2748 1808 2797 Plebs,
1825 2748 1889 2788 die
1907 2748 2030 2788 meist

1196 2818 1270 2845 aus
1296 2806 1453 2844 Bauern
1477 2805 1662 2844 bestand.

1256 2855 1339 2902 11.
1384 2862 1418 2901 1.
1450 2865 1489 2900 in
1514 2863 1737 2915 conspectu
1756 2857 1830 2899 auf
1842 2860 1931 2899 dem
1949 2858 2029 2899 Co-

1195 2919 1366 2967 mitium,
1391 2917 1428 2967 2,
1448 2917 1514 2957 28.
1531 2941 1587 2947 —
1603 2916 1715 2956 sellis
1738 2929 1775 2955 n.
1795 2915 2026 2956 curulibus.

1195 2998 1248 3002 ——
1267 2976 1487 3024 habebant,
1505 2974 1566 3013 sie
1585 2973 1742 3022 flengen
1755 2984 1820 3022 an,
1841 2972 2027 3012 maehten

1196 3032 1313 3070 einen
1339 3029 1540 3069 Versuch.
1574 3052 1614 3058 —
1655 3029 1910 3079 decurrunt,
1944 3041 2025 3068 von

1195 3089 1270 3126 den
1303 3088 1478 3126 bb'hereu
1503 3085 1655 3135 Orten,
1681 3098 1744 3123 wo
1767 3086 1827 3124 sie
1849 3097 2027 3138 gespro-

1196 3145 1296 3182 eben
1320 3143 1464 3182 haben.
1486 3165 1543 3171 —
1559 3145 1702 3196 pauci,
1727 3141 1791 3181 die
1813 3141 2025 3181 Tribunen

1194 3200 1472 3239 widersetzen
1502 3198 1587 3237 sich
1619 3198 1730 3236 nicht
1758 3198 1832 3237 der
1859 3198 2027 3238 Anord-

1195 3268 1303 3305 nung
1323 3255 1467 3303 selbst,
1487 3254 1666 3294 sondern
1677 3251 2028 3305 derAusffihrung
