2221 3537
784 310 943 352 Lmen
975 309 1042 352 111.
1106 309 1223 351 CAP.
1247 311 1287 351 9.
1852 314 1914 362 19

135 336 170 360 n.
196 326 264 361 011.
288 327 368 361 462.

135 448 318 511 patres,
365 455 427 492 ne
456 439 740 490 absentibus
778 437 1063 490 consulibus
1099 439 1266 502 iugum
1303 439 1600 503 acciperent,
1645 449 1844 490 senatus
1887 459 1914 491 a

135 514 379 581 praefecto
399 511 535 562 urbis
555 512 612 570 Q.
633 510 782 560 Fabio
804 517 1025 570 vocatur3
1046 510 1126 574 qui
1148 510 1267 558 adeo
1289 510 1517 558 atrociter
1538 511 1584 558 in
1608 513 1912 575 rogationem

131 586 433 648 latoremque
470 582 633 647 ipsum
669 588 745 631 est
768 582 1004 638 invectus·‚
1032 588 1086 630 ut
1111 581 1253 637 nihil,
1292 580 1333 628 si
1359 581 1502 629 ambo
1532 583 1758 630 consules
1787 584 1913 631 inse-

131 655 193 705 sti
235 654 610 704 circumstarent
653 653 929 712 tribunum,
973 652 1195 701 relictum
1242 652 1484 700 minarum
1529 659 1673 716 atque
1710 656 1910 702 terroris

130 725 218 776 sit:
258 724 539 775 insidiatum
584 739 697 773 eum
733 732 782 772 et
814 730 1039 787 tempore
1072 730 1213 787 capto
1249 723 1476 772 adortum
1510 738 1614 771 rem
1650 723 1908 787 publicam.

130 796 173 847 si
200 811 346 864 quem
375 795 581 845 similem
610 795 714 844 eius
742 795 908 860 priore
934 809 1064 844 anno
1092 795 1214 843 inter
1240 794 1472 843 morbum
1501 793 1777 858 bellumque
1805 795 1912 843 irati

130 867 195 918 dii
219 867 469 918 tribunum
498 866 762 926 dedissent,
788 881 889 914 non
918 866 1142 930 potuisse
1169 865 1291 914 sisti.
1336 865 1550 914 mortuis
1573 865 1765 914 duobus
1789 881 1912 914 con-

129 938 341 997 sulibus,
377 939 558 988 iacente
595 953 734 1002 aegra
772 938 962 986 civitate
995 937 1043 985 in
1079 937 1369 986 conluvione
1405 936 1629 986 omnium
1657 952 1822 985 rerum
1851 937 1911 986 ad

127 1009 396 1058 tollendum
433 1009 500 1058 rei
528 1008 746 1073 publicae
775 1008 1034 1058 consulare
1063 1008 1321 1073 imperium
1348 1008 1560 1057 laturum
1591 1008 1717 1072 leges
1744 1007 1912 1065 fuisse,

128 1080 301 1130 ducem
325 1080 510 1129 Volscis
531 1081 808 1145 Aequisque
834 1080 893 1129 ad
922 1080 1302 1144 oppugnandam
1327 1079 1496 1127 urbem
1519 1080 1756 1128 futurum.
1796 1079 1910 1143 quid

125 1149 363 1202 tandem?
403 1151 467 1200 illi
494 1166 593 1200 non
620 1152 784 1210 licere,
822 1151 863 1200 si
890 1152 1004 1215 quid
1034 1152 1261 1200 consules
1289 1151 1499 1214 superbe
1528 1152 1576 1199 in
1604 1150 1811 1213 aliquem
1840 1152 1910 1199 ci-

125 1224 258 1272 vium
283 1229 366 1272 aut
391 1222 647 1271 crudeliter
672 1223 899 1278 fecerint,
928 1222 1055 1270 diem
1085 1223 1260 1279 dicere,
1290 1237 1518 1270 accusare
1545 1221 1602 1268 iis
1632 1221 1753 1284 ipsis
1784 1221 1910 1269 iudi-

125 1293 282 1353 cibuS‚
309 1308 520 1358 quorum
547 1293 596 1340 in
623 1292 832 1357 aliquem
860 1293 1099 1341 saevitum
1121 1290 1222 1340 sit?
1260 1307 1362 1340 non
1385 1292 1516 1340 illum
1539 1292 1796 1340 consulare
1817 1292 1909 1340 im-

123 1363 314 1429 perium
350 1364 435 1413 sed
463 1364 770 1413 tribuniciam
798 1370 1093 1428 potestatem
1122 1363 1326 1411 invisam
1355 1362 1809 1427 intolerandamque
1835 1363 1910 1412 fa-

124 1450 248 1496 cere,
276 1450 422 1499 quam
450 1435 685 1500 placatam
711 1435 1168 1498 reconciliatamque
1194 1433 1414 1498 patribus
1442 1434 1500 1482 de
1527 1433 1713 1497 integro
1742 1434 1791 1483 in
1820 1449 1910 1483 an-

121 1506 257 1572 tiqua
290 1506 442 1569 redigi
477 1507 617 1556 mala.
668 1521 826 1571 neque
861 1506 997 1555 illum
1026 1521 1078 1554 se
1105 1505 1375 1570 deprecari,
1410 1520 1506 1569 quo
1534 1505 1698 1554 minus
1725 1515 1908 1569 pergat,

123 1583 178 1626 ut
214 1578 453 1642 coeperit:
506 1583 676 1635 .‚vos“
707 1577 865 1641 inquit
890 1577 1097 1634 Fabius,
1136 1576 1323 1635 „ceteri
1351 1576 1560 1633 tribuni,
1599 1592 1823 1635 oramuS,
1857 1585 1910 1626 ut

121 1647 338 1712 primum
366 1648 587 1697 omnium
617 1649 836 1712 cogitetis
863 1655 1156 1713 potestatem
1183 1647 1326 1696 istam
1355 1647 1414 1696 ad
1444 1647 1750 1710 singulorum
1774 1649 1908 1696 auxi-

122 1719 258 1776 lium,
286 1733 389 1768 non
415 1719 473 1766 ad
502 1719 767 1781 perniciem
796 1720 1138 1768 universorum
1167 1725 1499 1783 comparatam
1523 1733 1656 1777 esse,
1682 1719 1907 1768 tribunos

120 1787 277 1852 plebis
317 1803 404 1836 vos
443 1795 632 1837 creatos
667 1803 769 1838 non
805 1790 973 1838 hostes
1007 1789 1244 1854 patribus.
1304 1789 1448 1837 nobis
1483 1789 1745 1850 miserum,
1782 1790 1906 1839 invi·

120 1858 318 1908 diosum
340 1858 476 1908 vobis
499 1866 574 1908 est
595 1859 841 1909 desertam
862 1876 966 1909 rem
990 1860 1234 1926 publicam
1257 1860 1431 1909 invadi.
1472 1875 1573 1909 non
1597 1860 1671 1909 ius
1689 1868 1907 1910 vestrum

121 1929 207 1979 sed
242 1929 472 1979 invidiam
508 1930 799 1981 minueritis.
850 1933 975 1996 agite
1003 1948 1114 1982 cum
1143 1932 1347 1995 collega,
1380 1938 1561 1981 utrem
1591 1932 1830 1996 integram
1861 1933 1908 1981 in

1057 2116 1421 2156 verantwortlich.
1475 2141 1529 2146 —
1572 2129 1799 2168 accusare,
1841 2118 1907 2157 die

1056 2174 1278 2213 wirkliche
1296 2173 1506 2224 Anklage,
1529 2173 1638 2214 diem
1663 2174 1817 2225 dicere,
1840 2175 1905 2214 die

119 2114 280 2154 henden
304 2113 697 2164 Senatsbeschluss,
721 2115 800 2154 wie
823 2114 847 2154 2
862 2147 872 2167 ,
896 2116 965 2166 56,

119 2170 160 2210 2.
181 2192 238 2200 —-
258 2175 437 2211 senatus
460 2177 556 2220 etc.,
584 2171 618 2221 1,
638 2171 706 2221 59,
727 2172 765 2211 7.
788 2195 843 2200 —
863 2172 969 2212 nihil

119 2228 366 2280 (minarum)
390 2230 432 2267 εἰ
450 2242 489 2267 n.
508 2230 660 2281 quibus
683 2232 846 2268 terrere
863 2243 965 2285 pos-

117 2287 233 2333 sent,
265 2287 306 2325 si
324 2291 426 2336 etc.,
456 2286 541 2335 vgl.
565 2285 610 2334 8,
642 2284 718 2337 30,
742 2286 779 2324 5.
803 2308 860 2315 —
882 2289 965 2326 cir-

117 2345 397 2393 cumstarent,
415 2341 481 2381 die
492 2341 704 2382 Tribunen
718 2344 962 2383 erseheineu

116 2398 208 2439 also
238 2398 290 2439 im
320 2398 498 2448 Senate,
535 2399 637 2439 aber
666 2400 772 2439 ohne
804 2412 855 2439 an
887 2401 963 2440 der

116 2454 416 2508 Verhandlung
437 2455 558 2496 Theil
581 2470 632 2496 zu
657 2457 851 2510 nehmen,
883 2470 963 2497 nur

115 2525 184 2553 um
201 2526 255 2553 zu
272 2513 425 2563 hiiren3
450 2519 540 2553 erst
558 2514 659 2553 nach
677 2514 768 2553 dem
786 2514 963 2554 Decem-

115 2569 253 2610 virete
289 2571 462 2610 nahmen
500 2571 560 2610 sie
597 2571 873 2622 regelmiissig
909 2584 961 2611 an

117 2627 196 2666 den
225 2625 601 2678 Senatssitzungen
631 2628 826 2677 Antheil,
857 2641 891 2668 s.
923 2642 959 2669 c.

117 2681 185 2731 69,
208 2683 247 2722 5.
269 2705 324 2712 —
345 2685 438 2724 eius
461 2685 540 2724 wie
563 2698 598 2724 c.
623 2684 697 2736 64,
721 2684 766 2724 8:
797 2685 960 2726 decem-

116 2751 323 2780 verorum.

175 2795 314 2836 8-10.
353 2799 570 2851 potuisse,
600 2798 640 2836 in
664 2799 798 2838 oratio
820 2805 958 2839 recta:

113 2855 270 2908 potnit.
292 2875 347 2882 -
369 2856 489 2905 sisti,
512 2853 558 2902 2,
583 2853 656 2905 29,
680 2854 719 2894 8.
742 2877 797 2883 ——
819 2859 886 2896 rei
901 2870 959 2911 p.,

113 2910 377 2961 gewiihnlich
402 2912 514 2950 steht
540 2910 604 2950 bei
629 2910 774 2951 tollere
796 2927 834 2963 e,
865 2925 898 2952 s.
923 2926 958 2953 c.

121 2967 185 3018 15,
208 2966 256 3017 33
281 2967 320 3018 7,
343 2967 471 3019 21,1,
503 2968 606 3007 oder
635 2967 707 3016 (103
737 2968 863 3008 allein
892 2983 960 3010 um

116 3025 194 3064 den
215 3023 337 3064 Stant
353 3024 416 3065 als
436 3025 655 3075 betheiligt
672 3026 959 3066 darzustellen

117 3080 274 3121 konnte
292 3080 338 3121 L.
362 3084 464 3122 auch
487 3082 564 3121 den
591 3082 712 3122 Dativ
736 3082 958 3130 brauchen,

115 3150 149 3178 s·
184 3136 270 3178 Cic.
300 3138 423 3179 Verr.
453 3137 499 3191 3,
531 3139 598 3188 97,
631 3138 734 3178 226:
767 3139 871 3192 quid
897 3143 963 3180 est

115 3197 227 3235 enim
237 3193 395 3248 Sicilia,
407 3198 448 3236 si
459 3199 499 3236 ei
511 3199 612 3249 agri
626 3196 850 3236 cultionem
866 3211 963 3237 sus-

117 3250 298 3292 tuleris?
314 3253 365 3292 ib.
383 3254 422 3300 4.
447 3253 494 3292 12
509 3284 520 3304 ,
540 3253 606 3303 29,
627 3252 790 3306 Zumpt,
808 3253 892 3304 vgl.
912 3253 958 3294 L.

118 3306 157 3358 1,
178 3307 214 3359 1,
236 3307 281 3347 1:
302 3311 540 3357 abste·nere;
561 3309 600 3362 3,
619 3310 686 3362 67,
703 3311 727 3349 4
744 3326 751 3349 :
768 3312 961 3364 auferre.

115 3366 233 3404 -εί
260 3366 362 3419 quid
396 3372 490 3419 etc.,
528 3367 592 3407 die
628 3367 812 3408 Consuln
843 3369 961 3408 seien

1056 2230 1365 2281 Ankiindigung
1383 2230 1621 2277 derselben,
1649 2231 1687 2277 2,
1708 2232 1775 2281 35,
1795 2232 1833 2271 2.
1852 2254 1908 2261 —

1057 2289 1232 2341 ilsipsis,
1246 2286 1341 2326 weil
1353 2286 1494 2326 solche
1506 2288 1724 2338 Anklagen
1737 2289 1906 2340 damals,

1056 2357 1089 2383 s.
1122 2357 1158 2383 c.
1186 2345 1253 2394 56,
1280 2342 1317 2395 2,
1349 2356 1426 2382 ver
1454 2345 1532 2383 den
1556 2343 1903 2384 Tributcomitien

1055 2400 1315 2452 angebracht
1345 2401 1529 2440 werden.
1573 2401 1654 2440 Das
1689 2401 1903 2451 Anklage-

1054 2459 1174 2497 recht
1191 2456 1489 2497 derTribunen
1509 2458 1614 2497 wird
1626 2458 1715 2497 also
1731 2458 1907 2497 hieran-

1054 2515 1234 2554 erkannt
1265 2514 1438 2564 (licere),
1468 2514 1609 2566 Lange
1643 2514 1681 2559 2,
1706 2513 1826 2555 490st
1849 2538 1904 2545 —

1050 2572 1286 2626 placatam,
1318 2572 1364 2620 2,
1395 2570 1471 2621 60,
1506 2571 1551 2621 3,
1586 2572 1682 2610 weil
1705 2573 1895 2611 mehrere

1053 2629 1195 2679 Jahre,
1213 2642 1246 2669 s.
1268 2642 1302 2667 c.
1327 2628 1363 2679 1,
1381 2629 1447 2667 die
1466 2628 1790 2678 Streitigkeiten
1813 2631 1905 2674 (αη-

1056 2688 1173 2739 tiqua
1189 2685 1315 2734 mala)
1335 2686 1487 2736 geruht
1506 2686 1651 2725 haben.
1673 2708 1729 2714 —
1750 2686 1902 2738 redigi,

1054 2757 1088 2783 s.
1113 2742 1162 2784 Z.
1186 2743 1210 2795 ξ
1233 2743 1330 2782 603.
1354 2765 1410 2770 —
1431 2742 1563 2793 illum,
1588 2743 1623 2794 2,
1649 2744 1717 2792 57,
1741 2744 1778 2782 3.

1116 2799 1282 2839 11-12.
1324 2813 1397 2839 vos
1420 2798 1901 2847 ete.1,13,3:38,52,

1053 2855 1093 2896 6.
1115 2857 1173 2886 -”
1192 2859 1381 2911 primum
1405 2869 1486 2896 om.
1505 2856 1584 2895 soll
1606 2857 1671 2895 die
1693 2856 1901 2906 wichtig-

1054 2913 1142 2953 keit
1171 2914 1448 2963 bezeichnen,
1487 2913 1600 2952 nicht
1629 2913 1693 2952 ein
1725 2914 1900 2953 zweites

1053 2969 1240 3010 Moment
1269 2970 1555 3010 vorbereiten.
1584 2993 1638 2998 ——
1668 2970 1725 3009 acl
1751 2972 1902 3024 perni-

1053 3029 1181 3078 ciem,
1204 3041 1238 3067 e.
1262 3027 1302 3076 2,
1326 3027 1394 3076 56,
1423 3027 1488 3066 12.
1509 3049 1565 3056 -—
1589 3028 1807 3077 tribunos,
1836 3028 1900 3066 als

1053 3085 1195 3123 solche
1245 3084 1334 3123 sind
1386 3085 1445 3123 sie
1487 3082 1785 3134 Vertheidiger
1824 3084 1901 3122 der

1051 3140 1198 3190 Plebs,
1240 3141 1292 3180 im
1337 3140 1603 3191 Gegensatze
1647 3154 1696 3179 zu
1739 3141 1898 3178 hostes.

1050 3197 1201 3238 Dieser
1222 3198 1304 3237 und
1327 3198 1403 3237 der
1424 3196 1523 3247 solg.
1544 3198 1644 3236 Satz
1668 3197 1758 3235 sind
1783 3197 1896 3234 chia-

1051 3256 1202 3305 stisch,
1234 3255 1309 3294 wie
1333 3267 1368 3293 c.
1397 3254 1468 3303 10,
1505 3256 1540 3293 1.
1569 3277 1619 3282 —
1659 3266 1741 3291 non
1771 3254 1839 3291 ius
1870 3275 1897 3280 -

1050 3314 1307 3361 minueritis,
1330 3324 1376 3351 es
1400 3311 1505 3349 wird
1528 3311 1612 3349 sich
1638 3309 1796 3359 zeigen,
1821 3309 1898 3348 der

1050 3367 1202 3420 Ersolg
1230 3369 1335 3409 wird
1367 3368 1530 3409 lehren,
1562 3367 1658 3405 dass
1690 3378 1728 3404 u.
1759 3378 1793 3405 s.
1826 3378 1894 3414 ψ,

1498 3438 1520 3463 .)
1540 3439 1557 3456 ,

1951 1305 2000 1345 10

1951 1590 1993 1630 11

1949 1804 1996 1844 12
