2221 3537
13 52 27 137 κε’-ν
4 0 28 43 ..2ss

10 462 16 494 -ν
11 298 22 427 ”av-vs
0 231 3 242 Π

8 1082 9 1085 Α
2 827 18 1018 -ᾼγ«,-,-,
7 768 16 791 ,ν
10 714 15 735 -
10 614 19 671 21„
9 552 17 590 -r

278 1555 327 1594 10

275 1767 323 1807 11

278 1907 327 1947 12

366 237 470 286 27ss
1005 230 1163 272 LIBER
1186 231 1236 271 V.
1285 232 1400 272 CAP.
1418 231 1456 272 8.
1918 252 1951 276 3.
1979 253 2013 278 u.
2039 245 2119 278 352.

369 361 602 409 adversus
630 360 798 407 hostes
827 358 974 407 animi
999 357 1294 417 habuerunt,
1322 365 1369 406 et
1393 365 1586 408 auctum
1612 365 1687 409 est
1711 359 1889 408 bellum
1913 359 2121 409 adventu

366 430 620 494 repentino
647 429 961 507 Capenatium
987 435 1129 492 atque
1150 428 1461 477 Faliscorum.
1508 430 1555 478 hi
1581 430 1676 478 duo
1697 429 1917 478 Etruriae
1935 430 2121 493 populi,

368 500 479 563 quia
514 499 727 577 proximi
753 498 948 562 regione
974 506 1133 557 er,ant
1171 499 1366 547 devictis
1396 499 1503 547 Veis
1528 499 1654 548 bello
1681 515 1874 564 quoque
1899 499 2120 549 Romano

367 585 418 618 se
452 569 703 633 proximos
736 569 840 618 fore
878 569 1152 625 credentes,
1185 569 1357 617 Falisci
1383 570 1580 647 propria
1607 571 1748 619 etiam
1777 585 1918 619 causa
1944 569 2120 629 infesti,

367 640 496 703 quod
525 639 739 688 Fidenati
765 639 885 687 bello
917 655 967 686 se
995 639 1088 687 iam
1117 646 1253 688 antea
1280 639 1650 697 inmiscuerant,
1679 656 1766 704 per
1791 641 1973 703 legatos
1994 639 2119 689 ultro

367 710 584 773 citroque
619 709 798 757 missos
836 710 937 756 iure
973 709 1175 757 iurando
1213 710 1338 757 inter
1373 725 1426 758 se
1461 710 1656 773 obligati
1693 725 1802 758 cum
1836 709 2121 758 exercitibus

366 781 658 842 necopinato
689 779 745 826 ad
772 780 911 826 Veios
939 793 1198 826 accessere.
1241 779 1367 828 forte
1394 795 1447 828 ea
1469 782 1679 842 regione,
1707 795 1798 843 qua
1819 779 1900 827 Μ’.
1925 779 2121 843 Sergius

364 849 587 898 tribunus
610 849 814 896 militum
838 855 1068 912 praeerat,
1097 855 1252 896 castra
1273 849 1427 897 adorti
1448 856 1578 907 sunt,
1605 849 1945 913 ingentemque
1963 854 2122 898 terro-

366 935 470 967 rem
499 919 715 978 intulere‚
746 919 853 981 quia
874 918 1114 966 Etruriam
1143 933 1340 966 omnem
1361 919 1560 967 excitam
1583 920 1780 968 sedibus
1802 934 1979 982 magna
1998 919 2125 968 mole

371 990 540 1036 adesse
565 988 772 1036 Romani
801 989 1116 1036 crediderant.
1162 988 1326 1036 eadem
1356 989 1520 1051 opinio
1543 988 1760 1038 Veientes
1786 990 1834 1038 in
1860 989 1980 1038 urbe
2003 1003 2124 1039 con-

367 1058 538 1107 citavit.
590 1058 651 1106 ita
679 1058 874 1122 ancipiti
902 1058 1085 1121 proelio
1115 1066 1269 1107 castra
1295 1058 1514 1107 Romana
1541 1060 1964 1123 oppugnabantur3
2003 1074 2125 1108 cou-

367 1135 714 1192 cursantesque
742 1144 849 1176 cum
881 1129 975 1177 huc
1001 1135 1141 1192 atque
1168 1129 1276 1177 illuc
1303 1128 1439 1192 signa
1465 1130 1807 1189 transferrent,
1836 1144 1926 1178 nec
1952 1129 2127 1178 Veien-

365 1206 462 1246 tem
500 1198 616 1247 satis
647 1199 870 1247 cohibere
897 1200 1022 1247 intra
1049 1200 1349 1248 munitiones
1379 1214 1466 1248 nec
1493 1200 1594 1249 suis
1621 1199 1936 1249 munimentis
1964 1214 2127 1248 arcere

367 1268 462 1317 vim
489 1285 542 1317 ac
569 1268 691 1317 tueri
720 1285 770 1317 se
798 1270 854 1317 ab
883 1270 1116 1318 exteriore
1144 1276 1369 1333 poterant
1394 1270 1550 1319 hoste.
1596 1285 1690 1318 una
1717 1285 1830 1333 spes
1858 1274 1974 1329 erat,
2001 1269 2042 1318 si
2068 1285 2123 1318 ex

366 1339 632 1387 maioribus
661 1340 830 1388 castris
860 1340 1220 1399 subveniretur,
1253 1348 1307 1388 ut
1332 1340 1546 1388 diversae
1571 1340 1784 1404 legiones
1813 1340 1929 1389 aliae
1954 1340 2123 1388 adver-

366 1424 449 1456 sus
480 1409 766 1470 Capenatem
799 1426 853 1458 ac
879 1410 1141 1466 Faliscum,
1180 1410 1296 1458 aliae
1324 1417 1491 1459 contra
1520 1411 1822 1474 eruptionem
1850 1409 2123 1474 oppidano—

363 1493 471 1526 rum
500 1486 795 1540 pugnarent3
833 1480 916 1526 sed
946 1481 1114 1527 castris
1143 1487 1363 1542 praeerat
1392 1480 1667 1542 Verginius,
1707 1480 1928 1544 privatim
1955 1479 2123 1543 Sergio

365 1548 546 1595 invisus
573 1548 893 1611 infestusque.
947 1549 1011 1608 is,
1039 1565 1148 1598 cum
1178 1550 1401 1614 pleraque
1427 1550 1616 1598 castella
1643 1556 1946 1614 oppugnata,
1974 1564 2124 1614 supe-

365 1625 490 1665 ratas
519 1618 840 1675 munitiones,
869 1619 1112 1682 utrimque
1138 1620 1297 1668 invehi
1326 1621 1518 1668 hostem
1546 1621 1872 1679 nuntiaretur,
1901 1619 1950 1670 in
1976 1620 2122 1670 armis

362 1687 535 1735 milites
562 1687 730 1743 tenuit,
761 1688 800 1736 si
829 1704 953 1752 opus
980 1689 1108 1737 foret
1133 1690 1324 1748 auxilio,
1355 1690 1582 1754 collegam
1605 1691 1824 1740 dictitans
1848 1690 1906 1739 ad
1928 1705 1981 1738 se
2002 1690 2121 1739 mis-

364 1772 550 1805 surum.
602 1757 744 1805 huius
772 1759 1102 1821 adrogantiam
1131 1761 1391 1822 pertinacia
1418 1761 1611 1809 alterius
1639 1760 1894 1824 aequabat,
1923 1760 2036 1824 qui,
2062 1774 2125 1809 ne

366 1843 511 1891 quam
549 1843 691 1891 opem
727 1828 783 1876 ab
820 1829 1015 1877 inimico
1057 1830 1298 1878 videretur
1335 1831 1537 1894 petisse,
1572 1831 1695 1879 vinci
1728 1830 1785 1878 ab
1813 1830 1954 1878 hoste
1980 1845 2123 1894 quam

369 1898 557 1946 vincere
592 1913 676 1960 per
704 1898 853 1947 civem
883 1900 1062 1949 maluit.
1113 1900 1231 1948 diu
1222 1916 1270 1948 in
1298 1901 1457 1949 medio
1486 1901 1610 1949 caesi
1637 1901 1837 1960 milites,
1872 1906 2122 1964 postremo

370 1967 572 2016 desertis
611 1968 963 2018 munitionibus
1000 1971 1227 2033 perpauci
1267 1972 1315 2019 in
1350 1971 1532 2019 maiora
1566 1977 1740 2029 castra,
1775 1985 1886 2035 pars
1914 1969 2125 2020 maxima

423 2118 518 2158 4-6.
563 2119 859 2173 Capenatium,
882 2122 948 2160 die
972 2121 1200 2162 Bewoliner

367 2187 446 2212 von
471 2174 647 2227 Capena,
670 2177 828 2215 siidlich
852 2190 930 2215 von
955 2178 1044 2217 dem
1069 2179 1198 2228 Berge

367 2231 555 2279 Soracte,
582 2245 615 2270 s.
641 2232 707 2281 27,
731 2233 768 2271 4.
793 2255 846 2261 -—
868 2233 1036 2283 Falisci,
1069 2235 1107 2285 4,
1136 2236 1196 2273 17.

366 2309 421 2314 —
455 2288 625 2340 infesti,
664 2289 764 2327 nach
803 2290 892 2329 dem
930 2290 1198 2330 Zusammen·

368 2343 498 2392 hange
535 2344 694 2396 passiv:
727 2344 922 2395 bedroht‚
960 2347 1080 2385 oder:
1113 2349 1199 2386 sich

1289 2126 1329 2163 in
1353 2123 1510 2177 proelio
1534 2135 1790 2163 concursare
1808 2146 1834 2151 —
1854 2136 1948 2163 mos
1969 2128 2047 2163 est.
2068 2145 2123 2152 —

1289 2182 1421 2220 cohib.
1466 2182 1599 2230 intra,
1642 2179 1939 2219 zuriickbalteu
1982 2179 2122 2218 iuuer-

1290 2237 1405 2287 halb,
1436 2235 1570 2275 Plaut.
1600 2235 1686 2275 Mil.
1717 2235 1761 2285 3,
1795 2236 1836 2284 1,
1870 2235 1911 2275 1:
1939 2235 2123 2275 cohibete

1288 2295 1404 2333 intra
1423 2292 1547 2332 limen
1568 2304 1661 2339 vos,
1684 2291 1766 2341 vgl.
1789 2290 1856 2341 34,
1879 2290 1945 2338 27,
1970 2290 2035 2330 10.

1349 2349 1473 2388 9-10.
1515 2361 1613 2400 spes
1635 2361 1672 2386 n.
1689 2349 1830 2386 eastra
1851 2346 2119 2399 defendendi.

367 2397 433 2436 fiir
456 2399 629 2439 bedrobt
652 2401 839 2450 baltend,
866 2403 907 2451 l,
929 2403 1003 2453 47,
1032 2403 1047 2442 1
1075 2417 1114 2443 u.
1137 2416 1198 2451 a.;

367 2455 549 2504 dage-gen
587 2455 612 2507 ξ
642 2457 666 2495 9
695 2459 826 2507 activ,
867 2459 1002 2497 indem
1038 2461 1198 2499 inrisus

365 2511 635 2562 infestasque
657 2513 732 2551 den
756 2515 1067 2563 gegenseitigeu
1094 2516 1198 2554 nass

367 2565 621 2614 bezeichnet,
642 2568 704 2617 26,
723 2568 789 2617 39,
814 2570 885 2616 15;
910 2570 947 2617 2,
967 2572 1033 2619 56,
1057 2572 1094 2619 5,
1113 2571 1197 2620 vgl.

366 2621 405 2669 4,
424 2620 492 2670 53,
516 2623 561 2667 93
583 2623 696 2661 Curt.
723 2624 784 2673 10,
804 2623 870 2673 22,
896 2626 931 2663 7.
952 2648 1006 2654 —-
1023 2629 1197 2666 iureiur.

367 2682 466 2726 etc„
523 2678 586 2716 die
638 2677 1001 2729 Notbwendigkeit
1059 2683 1196 2721 dieses

366 2731 622 2772 Verfahrens
659 2736 771 2783 zeigt
801 2737 866 2774 die
899 2737 1065 2776 lockere
1091 2738 1197 2777 Ver-

366 2789 546 2855 bin-dung
571 2791 708 2829 dieser
730 2792 916 2831 staaten.

424 2844 495 2882 7-
518 2846 555 2885 8.
603 2851 745 2886 castra
780 2848 870 2898 ad„
908 2849 971 2887 die
1001 2849 1194 2902 Truppen

366 2901 456 2939 sind
487 2902 576 2940 also
610 2904 720 2942 nicht
749 2917 812 2943 um
843 2905 907 2943 die
940 2904 1060 2945 Sladt
1098 2919 1196 2945 ver-

368 2957 508 3003 theilt,
541 2960 719 2998 sondern
753 2961 880 2999 baben
905 2974 982 2999 nur
1005 2963 1193 3002 einzelne

366 3012 525 3051 Punkte
558 3015 732 3054 besctzt
757 3017 1116 3069 -ενεᾱιᾶυναηί,
1155 3020 1192 3066 2,

372 3068 442 3118 18,
474 3069 510 3107 9.
535 3093 590 3099 —
619 3077 1021 3125 concurNrautesque,
1059 3075 1193 3115 indem

365 3125 429 3162 «lie
454 3124 604 3165 Riimer
626 3128 715 3166 bald
740 3129 788 3167 da
818 3130 909 3168 bald
939 3131 1053 3179 dort,
1091 3133 1193 3170 ohne

367 3181 624 3221 bestimmten
650 3183 769 3232 Plau,
801 3186 983 3235 Angriffe
1012 3188 1193 3236 macheu,

367 3236 650 3288 27,18,14;
681 3240 753 3288 28,
785 3241 830 3290 2,
855 3243 897 3280 7;
930 3242 1145 3283 Celtiberzs
1168 3267 1193 3271 -

1292 2428 1347 2433 —-
1367 2404 1494 2454 aliae,
1531 2403 1578 2442 L.
1609 2402 1734 2442 denkt
1770 2403 1885 2441 mehr
1919 2402 1982 2442 als
2014 2402 2120 2442 zwei

1290 2460 1499 2510 Legionen
1542 2471 1619 2497 vor
1659 2457 1774 2509 Veji,
1818 2458 2005 2509 obgleich
2046 2459 2122 2498 der

1291 2515 1506 2565 Umstand‚
1544 2515 1639 2553 dass
1670 2527 1748 2553 nur
1769 2516 1872 2553 zwei
1896 2513 2121 2554 Consular-

1289 2572 1481 2610 tribunen
1513 2570 1759 2620 beseffligen,
1789 2571 1891 2610 auch
1915 2583 1993 2610 nur
2015 2571 2119 2610 zwei

1290 2627 1496 2677 Legionen
1521 2634 1728 2666 erwarten
1754 2626 1871 2666 lasst.
1894 2649 1950 2656 -—
1968 2626 2119 2667 adver-

1288 2698 1363 2723 sus
1384 2707 1411 2711 —
1433 2687 1602 2734 contra,
1625 2683 1669 2732 4,
1701 2682 1775 2732 56,
1807 2683 1844 2721 4.
1868 2704 1925 2713 —
1944 2682 2022 2723 sed
2040 2689 2119 2723 etc.

1288 2740 1447 2779 entliiilt
1470 2741 1579 2779 nicht
1600 2739 1676 2778 den
1696 2738 1853 2786 Grund,
1875 2751 2031 2778 warum
2054 2739 2118 2778 die

1286 2796 1491 2846 Hoffnung
1522 2796 1632 2835 nicht
1661 2796 1698 2834 in
1727 2792 1947 2846 Erfullung
1981 2795 2118 2846 gierig,

1287 2853 1467 2891 sondern
1510 2853 1649 2891 dieser
1688 2849 1794 2900 solgt
1830 2851 1881 2890 im
1918 2851 2116 2891 niichsten

1287 2908 1427 2958 Satze,
1448 2909 1536 2947 dem
1558 2907 1675 2947 sed—
1695 2908 1962 2959 infestaeque
1983 2908 2020 2947 in
2043 2907 2118 2946 der

1287 2965 1410 3004 Form
1442 2966 1556 3004 eines
1579 2963 1855 3016 Hauptsatzes
1877 2968 1982 3002 statt
2001 2962 2116 3002 eines

1288 3021 1435 3060 Satzes
1467 3021 1540 3060 mit
1569 3032 1661 3059 cum
1691 3019 1950 3058 voranstebt.
1969 3040 2024 3048 -—
2045 3031 2115 3058 ca-

1285 3077 1427 3125 stella,
1459 3090 1494 3116 c.
1519 3078 1562 3125 5,
1593 3076 1630 3115 5.
1654 3097 1708 3103 —
1738 3076 2012 3126 munitiones,
2048 3075 2114 3114 die

1286 3133 1662 3182 Verscbanzungen
1696 3131 1905 3170 zwiscben
1935 3131 2014 3170 den
2035 3129 2114 3170 Ca-

1286 3189 1452 3228 stellen.
1475 3210 1530 3217 —
1549 3187 1685 3227 invehi
1701 3188 1757 3235 Ιι.,
1779 3187 1818 3237 4,
1842 3186 1909 3236 53,
1932 3185 1973 3226 3.

1346 3244 1410 3284 12.
1451 3246 1615 3285 maiora
1635 3255 1690 3291 c.,
1720 3243 1793 3282 das
1813 3255 1864 3283 an
1886 3243 2017 3283 ciuem
2037 3254 2113 3282 an-
