2221 3537
26 147 71 168 κδ

137 323 171 347 ι.
198 313 267 350 ch.
292 314 373 348 468.

788 298 948 341 LIBER
970 297 1038 341 111.
1082 298 1200 340 CAP.
1226 301 1264 342 ⁷.

1848 304 1909 353 15

137 445 283 496 agros
314 429 365 480 in
392 428 698 478 Tusculanos
734 428 879 478 colles
909 428 1189 478 transirent.
1242 444 1299 477 eo
1327 429 1398 477 vis
1426 431 1587 478 omnis
1617 438 1911 495 tempestas-

137 517 231 568 que
254 500 365 551 belli
390 514 624 548 conversa
653 506 740 548 est.
793 500 985 548 interim
1014 499 1207 548 Hernici
1234 499 1504 563 Latinique,
1534 501 1722 564 pudore
1749 502 1910 560 etiam,
1945 510 1972 551 4

134 586 238 624 non
278 570 612 620 misericordia
649 570 808 619 solum
848 571 991 628 moti,
1027 571 1068 620 si
1107 585 1197 619 nec
1232 570 1540 620 obstitissent
1566 573 1909 622 communibus

132 640 358 694 hostibus
385 641 562 690 infesto
591 641 783 705 agmine
811 641 1083 691 Romanam
1109 640 1281 690 urbem
1312 642 1616 706 petentibus‘‚
1645 657 1735 691 nec
1762 659 1905 706 opem

130 712 277 764 ullam
305 712 521 761 obsessis
548 713 694 761 sociis
716 713 910 771 ferrent,
938 714 1202 762 coniuncto
1224 713 1435 762 exercitu
1457 713 1663 761 Romam
1688 722 1910 778 pergunt.

130 783 214 834 ubi
249 789 359 833 cum
395 784 553 833 hostis
588 798 689 832 non
726 784 1050 843 invenissent,
1085 784 1238 833 secuti
1265 783 1447 833 famam
1475 800 1530 833 ac
1555 784 1752 847 vestigia
1782 784 1907 834 obvii
1943 795 1966 834 5

130 855 256 905 fiunt
280 854 687 905 descendentibus
714 855 772 904 ab
796 855 1070 905 Tusculana
1098 856 1146 904 in
1168 854 1404 904 Albanam
1432 855 1616 904 vallem.
1664 855 1727 904 ibi
1756 855 1909 904 haud-

132 941 377 992 quaquam
406 941 558 991 aequo
586 926 772 990 proelio
800 933 1069 991 pugnatum
1098 933 1184 986 est,
1211 926 1428 991 fidesque
1456 942 1542 976 sua
1570 926 1718 975 sociis
1741 942 1911 991 parum

129 997 238 1047 felix
266 998 315 1046 in
344 998 619 1061 praesentia
646 998 750 1046 fuit.

273 1067 412 1117 Haud
450 1068 615 1118 minor
647 1070 832 1118 Rornae
868 1070 920 1117 lit
953 1068 1128 1118 morbo
1166 1076 1354 1133 strages
1390 1084 1534 1133 quam
1570 1076 1746 1134 quanta
1780 1069 1909 1117 ferro
1946 1081 1970 1121 6

129 1139 379 1190 sociorum
407 1139 527 1188 facta
556 1147 670 1190 erat.
723 1140 918 1198 consul,
946 1140 1026 1203 qui
1053 1154 1181 1189 unus
1210 1147 1435 1204 superat,
1464 1140 1697 1197 moritur3
1724 1141 1907 1190 mortui

129 1217 179 1260 et
211 1210 288 1260 alii
321 1210 434 1259 clari
462 1211 572 1272 viri,
609 1212 667 1260 M.
698 1211 914 1260 Valerius
943 1211 997 1261 T.
1028 1211 1278 1274 Verginius
1307 1211 1498 1259 Rutilus
1527 1227 1758 1274 augureS‚
1799 1212 1905 1259 Ser.

127 1281 372 1346 Sulpicius
400 1282 535 1330 curio
563 1282 829 1339 maximus;
865 1288 911 1330 et
937 1296 1025 1344 per
1051 1281 1214 1345 ignota
1243 1281 1398 1345 capita
1425 1282 1517 1330 late
1545 1289 1708 1345 vagata
1737 1288 1811 1330 est
1837 1283 1906 1331 vis

125 1351 305 1402 morbi.
366 1351 613 1416 inopsque
657 1358 854 1401 senatus
891 1351 1048 1401 auxilii
1082 1352 1282 1401 humani
1317 1352 1376 1401 ad
1413 1353 1534 1402 deos
1573 1352 1812 1417 populum
1854 1369 1909 1402 ac

126 1429 238 1473 vota
258 1423 419 1472 vertit:
443 1423 562 1472 iussi
586 1439 696 1472 cum
720 1423 1010 1487 coniugibus
1033 1423 1266 1472 acliberis
1283 1423 1609 1488 supplicatum
1628 1424 1696 1473 ire
1713 1439 1908 1488 pacem-

127 1509 220 1560 que
254 1510 518 1558 exposcere
545 1495 704 1543 deum.
757 1495 814 1543 ad
844 1494 916 1554 id,
953 1495 1083 1559 quod
1111 1510 1196 1543 sua
1225 1511 1471 1560 quemque
1498 1496 1622 1544 mala
1652 1495 1904 1558 cogebant,
1944 1504 1968 1544 8

127 1565 411 1615 auctoritate
438 1565 630 1630 publica
656 1566 836 1615 evocati
866 1566 1028 1615 omnia
1058 1566 1252 1615 delubra
1275 1567 1478 1631 inplent.
1525 1573 1704 1616 stratae
1725 1566 1911 1630 passim

129 1643 310 1686 matres
355 1637 568 1686 crinibus
621 1637 802 1702 templa
852 1646 1099 1687 verrentes
1151 1638 1340 1687 veniam
1393 1639 1576 1687 irarum
1630 1638 1911 1687 caelestium

128 1708 377 1772 finemque
403 1709 525 1772 pesti
554 1715 843 1773 exposcunt.

128 1863 215 1903 hiet
241 1876 322 1903 von
346 1862 486 1903 Labici
516 1863 564 1915 2,
588 1863 663 1911 39,
695 1864 776 1902 und
807 1877 885 1904 von
917 1865 968 1904 da

128 1920 292 1960 siidlich
316 1921 506 1960 ziebend.
530 1943 585 1950 —
612 1919 898 1972 Tusculanos,
930 1921 969 1972 2,

131 1978 204 2026 15,
234 1978 300 2017 die
331 1978 489 2028 sseissig
517 1978 778 2029 angebauten
801 1979 967 2033 (copiis)

127 2034 258 2075 monti
294 2033 534 2074 Toscolani.
584 2032 668 2074 Auf
702 2035 836 2074 ciuem
874 2036 970 2075 der-

131 2091 299 2141 selben,
338 2090 442 2130 iiber
470 2091 560 2130 dem
584 2091 617 2142 j.
648 2091 864 2143 Frascati,
902 2092 970 2143 lag

129 2147 357 2189 Tusculum
380 2148 528 2188 selbst.

186 2204 297 2244 4-5.
342 2207 470 2244 eliam
491 2229 519 2233 —
538 2217 621 2245 non
643 2204 792 2254 modo,
812 2205 879 2255 21,
904 2205 971 2256 54,

129 2260 169 2302 3.
197 2284 253 2290 —
283 2263 570 2310 obstitissent,
608 2263 743 2301 indem
782 2276 861 2301 von
892 2263 970 2301 deu

126 2317 326 2359 Latinern
350 2318 415 2358 die
441 2318 637 2368 Volsker,
661 2332 740 2358 von
764 2320 840 2359 den
866 2319 972 2358 Her—

126 2375 274 2416 nikern
305 2375 370 2415 die
393 2375 561 2429 Aequer
590 2376 703 2416 nicht
724 2389 787 2415 am
811 2376 971 2416 Durch-

127 2445 233 2485 zuge
263 2433 390 2473 durch
420 2433 483 2472 ihr
505 2432 620 2473 Laud
650 2446 791 2473 waren
824 2434 970 2484 gebin-

127 2489 223 2530 dert
244 2491 431 2530 worden.
461 2513 518 2518 —
547 2503 690 2544 opem,
722 2504 754 2530 c.
789 2490 827 2540 6,
851 2491 891 2530 4.
914 2513 969 2519 -

105 2594 107 2596 ,
129 2547 327 2598 obsessis,
346 2548 446 2587 nach
467 2548 558 2586 dem
573 2546 829 2597 Vorhergeb.
851 2547 973 2586 iiber-

127 2603 343 2654 treibend3
374 2604 476 2644 doch
509 2604 716 2644 berichtet
744 2604 865 2644 Dion.
888 2618 968 2645 von

128 2660 248 2700 einer
281 2661 525 2700 wirklicben
564 2661 845 2713 Belagerung,
887 2662 970 2701 und

128 2717 194 2756 die
216 2730 252 2757 c.
272 2716 297 2756 6
314 2718 556 2758 erwiibuten
577 2719 798 2758 Austalten
817 2720 970 2759 deuteu

127 2771 203 2814 auf
220 2774 314 2814 eine
332 2774 473 2814 solcbe
492 2775 572 2814 bin.
595 2797 650 2804 -—
678 2774 862 2827 Pascal„
887 2775 970 2815 wol

128 2831 218 2870 eins
258 2831 334 2871 der
368 2830 527 2871 Thiiler
567 2831 726 2871 siidlicb
768 2845 849 2872 von
891 2833 970 2872 den

128 2886 486 2928 Tusculaniscben
539 2888 723 2938 Bergen,
772 2889 970 2929 Abecken

128 2943 360 2985 Mittelital.
380 2946 459 2994 643
483 2944 584 2993 1653
604 2946 670 2985 die
689 2946 856 2986 Albana
872 2946 975 2985 zwi-

129 3002 255 3042 scben
305 3002 396 3042 dem
438 3002 719 3043 Albaniscben
770 3003 852 3043 und
893 3003 971 3042 deu

129 3056 484 3099 Tusculanischen
510 3060 684 3111 Bergen,
711 3059 860 3100 Grotta
884 3057 970 3099 ser-

130 3121 237 3156 rata.
262 3138 320 3146 —
347 3118 457 3166 suis,
483 3130 518 3157 c.
542 3116 585 3170 8,
610 3117 648 3156 8.
673 3141 727 3146 —
750 3120 790 3157 in
811 3130 971 3172 praes„

129 3172 205 3212 mit
224 3172 462 3224 Beziebung
482 3172 557 3213 auf
574 3188 608 3214 c.
634 3174 672 3214 S.

187 3228 228 3269 6.
260 3229 479 3278 Valerius,
498 3231 714 3271 vielleicbt
731 3231 806 3270 der
816 3231 976 3271 Bruder

132 3283 206 3324 des
221 3283 449 3338 Publicola,
469 3287 507 3338 2,
527 3287 602 3336 203
622 3287 689 3327 30.
716 3288 973 3341 Verginius,

131 3338 173 3393 2,
193 3340 264 3383 48.
294 3341 523 3399 Sulpicius,
545 3358 580 3385 c.
605 3344 671 3384 31.
695 3367 750 3374 -—
772 3346 893 3386 curio
915 3358 971 3385 m.

1061 1863 1164 1903 Jede
1183 1864 1258 1904 der
1275 1863 1328 1902 30
1347 1863 1498 1904 Curieu
1519 1865 1633 1904 hatte
1652 1865 1741 1904 ihre
1760 1862 1910 1917 opser-

1061 1921 1214 1971 statte,
1252 1921 1434 1971 gewisse
1465 1920 1596 1974 Opfer
1630 1922 1711 1961 und
1750 1923 1903 1961 andere

1059 1977 1433 2030 Feierlicbkeiten,
1477 1979 1636 2018 welche
1679 1979 1743 2018 ein
1786 1980 1903 2018 curio

1061 2035 1220 2075 leitete.
1254 2035 1316 2074 An
1342 2036 1416 2075 der
1435 2035 1578 2088 Spitze
1603 2036 1678 2075 der
1695 2036 1904 2075 Curionen

1062 2092 1183 2131 stand
1214 2092 1289 2131 der
1311 2095 1431 2133 curio
1451 2095 1691 2142 maa-imus,
1723 2093 1908 2132 welcher

1064 2149 1128 2188 die
1159 2150 1465 2200 gemeinsamen
1501 2149 1628 2189 Feste
1658 2151 1735 2189 der
1758 2149 1909 2190 Curieu

1055 2205 1339 2256 ankiindigte;
1363 2219 1411 2246 er
1432 2207 1537 2246 wird
1563 2208 1653 2247 bier
1675 2212 1821 2246 zuerst
1838 2219 1911 2246 er·

1062 2263 1218 2302 wiihnt.
1241 2285 1298 2292 —
1318 2266 1437 2304 curio
1458 2277 1532 2313 m.‚
1557 2277 1592 2303 s.
1616 2264 1682 2316 27,
1705 2263 1752 2313 83
1777 2262 1909 2317 Marq.

1064 2319 1104 2371 4,
1128 2319 1224 2360 396.

1120 2376 1223 2416 7-8.
1265 2389 1315 2416 ac
1336 2380 1455 2427 vota,
1484 2376 1727 2427 Erkliirung
1752 2390 1832 2416 von
1855 2375 1913 2416 ad

1061 2433 1175 2473 deos.
1199 2457 1252 2462 --
1274 2435 1396 2481 iussi,
1419 2434 1698 2473 erkliireudes
1722 2433 1914 2487 Asynde-

1061 2496 1144 2530 ton.
1215 2487 1287 2530 Ost
1336 2491 1487 2530 orduet
1529 2492 1603 2530 der
1645 2490 1794 2542 senat,
1844 2490 1906 2530 als

1065 2547 1234 2587 oberste
1258 2546 1649 2597 Hircbenbebiirde,
1677 2548 1806 2587 daber
1825 2560 1908 2587 au-

1063 2607 1264 2645 ctoritate
1290 2605 1478 2659 publica,
1510 2605 1626 2644 viell.
1658 2611 1782 2644 unter
1808 2604 1910 2644 Mit-

1064 2662 1258 2712 wirkung
1285 2662 1361 2701 der
1383 2662 1655 2714 Decemvirn‚
1687 2661 1906 2714 Supplica-

1063 2720 1203 2758 tionen
1226 2731 1297 2770 au,
1325 2719 1389 2770 10,
1413 2719 1489 2767 233
1521 2719 1589 2766 41,
1611 2718 1819 2765 21,11u.
1843 2731 1906 2767 a.;

1061 2776 1146 2827 vgl.
1176 2789 1211 2816 c.
1242 2777 1290 2827 5,
1324 2776 1389 2816 14.
1425 2797 1482 2805 —
1519 2775 1578 2816 ad
1603 2775 1648 2816 id
1675 2776 1826 2825 gehiirt
1856 2788 1907 2814 zu

1062 2835 1238 2874 evocati.
1282 2832 1395 2886 quod
1412 2856 1440 2861 -
1460 2835 1691 2886 cogebant,
1715 2832 1751 2873 4.
1777 2831 1844 2883 26,
1868 2831 1908 2881 3,

1063 2890 1149 2940 vgl.
1169 2889 1294 2929 Corn.
1313 2891 1402 2930 Att.
1421 2889 1489 2941 22,
1508 2891 1554 2930 2;
1577 2903 1630 2929 ne
1645 2889 1704 2929 ad
1718 2888 1772 2939 id,
1795 2888 1909 2942 quod

1062 2950 1224 2987 natura
1270 2950 1464 3000 cogeret,
1513 2948 1598 2987 sibi
1635 2946 1906 2987 acceleraret.

1063 3004 1232 3043 Andere
1250 3005 1476 3044 verbiuden
1487 3003 1547 3044 ad
1560 3003 1606 3044 id
1620 3002 1734 3057 quod
1747 3016 1913 3058 :prae-

1064 3064 1255 3113 terquam
1277 3061 1400 3113 quod,
1423 3073 1457 3100 s.
1482 3074 1516 3100 c.
1543 3060 1609 3110 62,
1639 3061 1681 3108 1;
1707 3059 1775 3110 26,
1799 3060 1865 3109 45,
1885 3058 1908 3097 S

1062 3131 1102 3158 u.
1122 3130 1158 3157 a.
1184 3141 1235 3146 —
1258 3121 1490 3170 verrentes,
1512 3118 1596 3167 vgl.
1615 3116 1683 3166 26,
1703 3118 1742 3167 9,
1765 3118 1808 3155 7:
1832 3129 1910 3155 un-

1063 3173 1190 3228 dique
1215 3178 1442 3215 matronae
1461 3198 1489 3203 -
1510 3177 1624 3214 circa
1645 3173 1769 3214 deum
1792 3172 1909 3211 delu-

1066 3233 1143 3272 bra
1164 3231 1418 3273 discurrunt
1438 3232 1628 3272 crinibus
1647 3232 1789 3284 passis
1806 3241 1907 3269 aras

1065 3292 1287 3329 verrentes
1327 3295 1408 3329 etc.
1472 3289 1600 3328 Sonst
1637 3287 1777 3326 betete
1813 3296 1905 3324 man

1066 3346 1256 3386 stehend.

1955 1311 1964 1337 l
