2221 3537
858 223 1041 265 ·L1BER
1061 223 1128 265 111.
1175 224 1294 266 CAP.
1316 225 1384 266 60.
1815 244 1849 267 a.
1874 244 1910 268 u.
1935 235 2015 270 805.

271 230 367 280 118

264 355 339 403 nis
382 352 702 415 hostibusque
737 356 900 409 erant,
936 366 1112 413 magno
1159 351 1447 400 detrimento
1492 358 1735 400 certamen
1775 356 2015 400 staturum

204 435 228 474 3
268 424 425 473 fuerit.
478 423 647 471 castris
676 422 802 470 mille
828 437 1059 485 passuum
1088 421 1146 468 ab
1173 421 1313 469 hoste
1339 422 1512 484 positis
1539 422 1704 485 copias
1726 421 2015 470 continebat.

200 506 213 517 ·
263 495 429 543 hostes
474 494 686 541 medium
731 493 854 540 inter
900 492 1009 539 bina
1050 498 1205 539 castra
1249 492 1458 554 spatium
1495 492 1593 540 acie
1627 492 1860 540 instructa
1897 505 2017 540 con-

261 564 479 628 plebant,
519 563 997 627 provocantibusque
1044 561 1100 608 ad
1150 562 1388 624 proelium
1435 576 1730 624 responsum
1766 562 2014 610 Romanus

198 648 225 688 4
262 650 406 684 nemo
434 634 676 682 reddebat.
722 632 914 681 tandem
938 631 1114 693 fatigati
1137 632 1310 679 stando
1338 647 1392 679 ac
1411 633 1695 695 nequiquam
1719 632 2014 695 expectando

259 712 501 754 certamen
540 705 689 767 Aequi
729 703 1007 764 Volscique,
1047 708 1305 764 postquam
1342 707 1626 750 concessum
1658 702 2016 765 propemodum

258 775 317 824 de
342 775 540 824 victoria
569 774 852 827 credebant,
882 786 993 833 pars
1022 770 1070 819 in
1100 772 1348 829 Hernicos,
1377 788 1488 835 pars
1516 773 1561 819 in
1591 771 1788 820 Latinos
1815 772 2016 835 praeda-

257 853 361 894 tum
405 846 595 892 abeunt.
663 842 946 905 relinquitur
989 842 1140 904 magis
1179 843 1348 890 castris
1387 842 1680 904 praesidium
1720 857 1861 905 quam
1898 841 2015 890 satis

197 928 221 967 5
259 916 432 963 virium
480 915 536 961 ad
581 921 839 961 certamen.
911 912 1039 974 quod
1085 912 1165 960 ubi
1202 913 1373 960 consul
1413 914 1589 968 sensit,
1626 912 1784 960 reddit
1816 911 2017 960 inlatum

194 998 219 1037 6
258 994 395 1034 antea
430 992 666 1032 terrorem
704 984 1037 1044 instructaque
1073 983 1171 1030 acie
1206 983 1331 1030 ultro
1369 982 1558 1030 hostem
1588 981 1796 1031 lacessit.
1847 981 1927 1030 ubi
1951 981 2017 1030 illi

259 1055 570 1110 conscientia,
608 1053 719 1117 quid
767 1053 957 1101 abesset
1000 1053 1197 1109 virium,
1233 1053 1554 1100 detractavere
1599 1067 1833 1115 pugnam,
1871 1052 2020 1101 crevit

256 1125 495 1188 extemplo
525 1124 757 1173 Romanis
787 1123 993 1179 animuS,
1023 1130 1071 1170 et
1097 1139 1184 1186 pro
1212 1124 1345 1171 victis
1374 1122 1615 1171 habebant
1640 1129 1866 1186 paventes
1892 1121 2018 1170 intra

198 1209 220 1247 7
257 1195 447 1244 vallum.
517 1211 626 1243 cum
673 1210 761 1258 per
804 1202 959 1241 totum
1006 1193 1133 1241 diem
1170 1195 1422 1242 stetissent
1456 1193 1625 1241 intenti
1663 1193 1719 1241 ad
1757 1199 2018 1251 certamen,

258 1266 391 1314 nocti
424 1281 629 1313 cessere.
688 1272 734 1312 et
766 1264 970 1312 Romani
1010 1264 1201 1326 quidem
1241 1264 1367 1327 pleni
1396 1263 1498 1327 spei
1526 1278 1731 1327 corpora
1758 1262 2012 1322 curabant;

259 1337 627 1399 haudquaquam
669 1335 771 1398 pari
808 1335 974 1382 hostes
1011 1334 1172 1382 animo
1210 1334 1407 1382 nuntios
1442 1336 1625 1397 passim
1653 1333 1828 1397 trepidi
1855 1332 1911 1381 ad
1939 1347 2017 1381 re-

258 1407 506 1455 vocandos
550 1406 862 1469 praedatores
899 1405 1161 1452 dimittunt.
1220 1404 1485 1453 recurritur
1520 1420 1576 1452 ex
1611 1403 1845 1466 proximis
1872 1403 2015 1461 locis,

198 1490 222 1530 8
259 1477 512 1525 ulteriores
548 1490 646 1523 non
683 1475 873 1522 inventi.
936 1474 1016 1521 ubi
1054 1475 1245 1530 inluxit,
1286 1474 1524 1537 egreditur
1557 1475 1726 1522 castris
1765 1473 2014 1521 Romanus

257 1547 429 1594 vallum
477 1547 761 1600 invasurus,
796 1544 844 1591 ni
891 1544 1028 1606 copia
1066 1559 1252 1607 pugnae
1285 1545 1432 1592 fieret.
1491 1551 1538 1592 et
1571 1550 1830 1607 postquam
1867 1543 2015 1592 multa

256 1618 350 1664 iam
381 1616 480 1664 dies
510 1623 637 1672 erat,
674 1630 827 1678 neque
855 1615 1137 1662 movebatur
1163 1615 1420 1678 quicquam
1448 1613 1505 1661 ab
1534 1614 1688 1670 hoste,
1718 1613 1849 1661 iubet
1875 1613 2016 1675 signa

255 1686 421 1734 inferri
457 1687 652 1743 consul,
688 1693 915 1747 motaque
954 1685 1052 1733 acie
1088 1685 1350 1748 indignatio
1388 1686 1580 1747 Aequos
1615 1691 1661 1732 et
1696 1683 1896 1732 Volscos
1937 1683 2016 1731 in-

257 1756 424 1810 cessit,
454 1757 494 1804 si
523 1757 726 1804 victores
754 1756 991 1803 exercitus
1031 1755 1201 1802 vallum
1239 1755 1401 1818 potius
1439 1769 1584 1816 quam
1623 1754 1773 1802 virtus
1809 1760 1856 1802 et
1880 1768 2015 1802 arma

256 1834 487 1890 tegerent.
533 1827 677 1888 igitur
710 1832 756 1874 et
792 1826 884 1889 ipsi
918 1825 1228 1888 efflagitatum
1265 1825 1322 1873 ab
1359 1824 1561 1872 ducibus
1600 1824 1792 1886 signum
1829 1837 2017 1887 pugnae

195 1907 220 1947 9
257 1913 497 1961 accepere.
550 1897 741 1959 iamque
778 1911 889 1959 pars
917 1911 1106 1958 egressa
1135 1896 1288 1958 portis
1316 1901 1429 1950 erat,
1457 1894 1784 1957 deincepsque
1809 1893 1883 1941 alii
1912 1908 2016 1942 ser-

258 1968 431 2017 vabant
459 1967 678 2015 ordinem
706 1966 755 2013 in
783 1981 924 2014 suum
953 1966 1160 2029 quisque
1187 1965 1347 2014 locum
1370 1965 1735 2024 descendenteS,
1762 1979 1871 2012 cum
1895 1978 2017 2012 con-

254 2120 426 2170 Feinde,
450 2120 703 2170 wenigstens
727 2119 800 2158 der
822 2119 1000 2170 Aequer,
1024 2132 1092 2157 er-
1184 2118 1238 2167 d.,
1269 2119 1331 2157 als
1354 2119 1478 2157 sehon
1508 2118 1571 2156 ein
1603 2130 1774 2168 grosser
1794 2116 1915 2157 Theil
1943 2117 2016 2156 des

255 2178 353 2216 hb'ht
393 2178 558 2214 worden
598 2177 701 2214 sein.
738 2197 792 2203 —
827 2174 1092 2225 detrimento,

254 2246 287 2272 s.
310 2232 377 2282 23,
400 2232 465 2283 30,
489 2233 534 2270 2:
557 2232 689 2271 multo
710 2235 920 2282 sanguine
940 2244 988 2270 ac
1007 2231 1092 2271 vul-

253 2291 425 2329 neribus
462 2302 510 2328 ea
546 2289 698 2327 Poenis
734 2290 910 2327 victoria
946 2290 1088 2336 stetit,

255 2344 322 2394 34,
345 2347 410 2396 50,
432 2344 469 2384 6.
492 2367 545 2373 —-
565 2345 979 2398 prot-ocantaebusque‚
1014 2345 1090 2383 wie

254 2400 294 2450 2,
332 2402 398 2447 45,
436 2401 459 2439 3
492 2402 592 2439 wird
621 2414 853 2454 provocare
883 2402 919 2438 in
955 2401 1091 2450 Bezug

254 2455 328 2495 auf
354 2457 429 2495 den
455 2455 603 2508 Hauipf
629 2458 841 2495 bisweilen
875 2458 979 2495 ohne
1004 2458 1089 2495 An-

254 2512 357 2563 gabe
380 2513 452 2551 des
477 2513 762 2564 persijnlichen
791 2512 987 2562 Objectes
1017 2525 1089 2561 ge·

255 2569 440 2608 braucht.
479 2590 532 2596 —
568 2581 810 2607 concessum
847 2569 898 2608 de
932 2581 982 2619 v.,
1017 2581 1090 2606 zu-

255 2625 570 2673 riickgewiclien
596 2638 689 2670 von,
713 2626 986 2673 eirigeifiunit,
1019 2624 1085 2671 22,

257 2681 323 2729 12,
349 2681 393 2719 4;
421 2692 665 2719 concessum
695 2680 913 2733 propalam
936 2680 986 2719 de
1007 2683 1088 2719 vir-

256 2739 345 2776 tute
365 2749 479 2783 esse3
503 2736 540 2783 4,
565 2736 602 2782 6,
625 2736 670 2773 63
696 2736 824 2785 6,·12,
852 2737 914 2774 11.

312 2792 405 2831 6-9.
436 2794 702 2843 conscientia,
736 2793 816 2841 vgl.
848 2790 910 2841 28,
947 2791 1009 2840 19,
1042 2793 1085 2829 5:

253 2850 520 2895 conscientia,
543 2848 643 2901 quid
664 2862 708 2886 se
725 2849 900 2886 meritos
917 2850 1087 2887 scz‘rent.

254 2927 309 2933 —
329 2908 445 2944 nocti
459 2917 510 2954 c.,
531 2906 609 2943 wie
633 2917 667 2943 c.
695 2905 757 2951 17,
789 2906 833 2942 9:
866 2905 925 2942 sie
956 2917 1084 2953 zogen

256 2961 342 3000 sich
374 2973 450 2999 nur
479 2961 657 3009 zuriick,
697 2961 790 2999 weil
822 2961 884 2998 die
915 2959 965 2998 N.
997 2961 1088 2998 ein-

255 3017 393 3056 brach.
416 3039 470 3045 —
494 3020 734 3064 incasurus,
764 3017 835 3055 mit
864 3017 951 3055 dem
984 3015 1087 3055 Ent-

255 3073 464 3121 schlusse3
492 3074 568 3112 wie
593 3073 637 3112 L.
663 3074 773 3112 nicht
794 3073 926 3112 selten
950 3073 1087 3111 dieses

256 3128 424 3178 Partic„
484 3130 745 3169 abweicbend
798 3142 876 3167 von
927 3128 1087 3178 Cicero,

256 3184 442 3233 braucht,
460 3185 498 3233 9,
516 3185 581 3235 29,
599 3187 644 3224 4:
668 3189 909 3238 quieturus,
935 3184 999 3234 22,
1026 3185 1086 3235 12,

257 3240 302 3279 2;
325 3243 634 3283 commissurus
658 3256 695 3282 u.
716 3255 753 3282 a.
775 3264 829 3271 —
850 3240 982 3282 multa
1002 3243 1088 3280 iam

1185 2174 1322 2224 Tages
1361 2175 1422 2226 da,
1458 2187 1503 2213 es
1542 2175 1640 2212 boch
1677 2186 1741 2212 am
1771 2172 1886 2222 Tage
1915 2184 2016 2221 war,

1183 2232 1266 2281 vgl.
1291 2231 1357 2278 27,
1381 2230 1419 2279 2,
1442 2230 1489 2278 9;
1514 2230 1553 2281 5,
1583 2230 1649 2278 26,
1679 2228 1724 2267 6:
1752 2229 1886 2268 multa
1904 2241 2015 2278 nom-3

1183 2286 1301 2326 Caes.
1339 2287 1379 2325 Β.
1421 2285 1470 2326 G.
1513 2286 1548 2335 1,
1589 2285 1656 2335 22,
1693 2285 1739 2330 4;
1777 2285 1912 2325 multa
1938 2284 2017 2325 lux

1183 2343 1298 2382 Curt.
1323 2343 1362 2391 4,
1394 2342 1460 2390 49,
1491 2341 1558 2380 21.
1586 2363 1642 2370 —-
1667 2340 1831 2393 indign.
1854 2364 1882 2369 -
1900 2344 1950 2390 si,
1979 2341 2017 2393 4,

1183 2398 1222 2448 6,
1265 2399 1336 2446 1ος
1374 2397 1412 2445 2,
1450 2396 1517 2447 28,
1555 2397 1578 2436 2
1615 2410 1653 2435 u.
1685 2409 1722 2435 a.
1751 2420 1805 2425 —
1834 2400 2015 2438 victores

1181 2454 1334 2493 konnte
1356 2467 1432 2492 nur
1455 2467 1530 2492 von
1557 2454 1631 2492 den
1657 2454 1846 2505 Aequeru
1870 2457 2017 2504 gesagt

1182 2512 1363 2549 werden.
1394 2533 1445 2538 —
1476 2510 1683 2563 deinceps,
1721 2510 1812 2549 eine
1843 2510 2016 2549 Abthei-

1182 2566 1279 2616 lung
1315 2566 1526 2618 (Manipel)
1565 2567 1666 2604 nach
1702 2567 1776 2605 der
1816 2566 2012 2605 anderen.

1179 2645 1232 2650 —
1252 2622 1385 2662 ordin.
1404 2636 1513 2662 serv.
1534 2623 1571 2661 in
1590 2623 1857 2673 geordnetem
1876 2621 2013 2673 Zuge3

1180 2680 1446 2717 verschieden
1501 2680 1556 2718 ist
1605 2678 1774 2718 ordines
1828 2691 2014 2729 servare,

1179 2747 1265 2774 was
1288 2742 1377 2774 erst
1401 2736 1606 2774 eintreten
1639 2734 1766 2783 kann,
1797 2747 1915 2773 wenn
1946 2735 2013 2774 die

1179 2792 1486 2830 Selilaclitreihe
1509 2791 1611 2830 oder
1630 2792 1704 2830 der
1725 2789 1816 2841 Zug
1834 2787 1908 2829 aus
1923 2790 2012 2830 dem

1180 2847 1368 2886 Marsche
1410 2850 1532 2887 sehon
1575 2847 1777 2897 geordnet
1816 2846 1891 2894 ist,
1932 2846 2012 2885 wie

1179 2905 1230 2942 im
1255 2904 1490 2954 Folgenden
1521 2903 1745 2957 explicatis
1776 2901 2010 2942 ordinibus.

1179 2961 1430 2999 Schwerlicb
1460 2961 1529 2998 hat
1550 2959 1596 2998 L.
1625 2972 1673 2999 an
1705 2959 1768 2998 die
1798 2958 2012 3011 phalangi-

1179 3017 1308 3055 tiscbe
1333 3014 1597 3064 Ausstenung
1619 3015 1806 3065 gedacbt,
1829 3027 1862 3054 s.
1886 3027 1920 3054 c.
1941 3014 2008 3062 61,

1179 3073 1225 3120 93
1258 3072 1324 3121 63,
1355 3073 1392 3112 2.
1424 3095 1476 3100 -
1505 3071 1814 3120 descendentes,
1851 3070 1929 3109 wie
1966 3072 2011 3110 in

1177 3132 1307 3168 aciem
1328 3128 1596 3175 descendere-3
1621 3129 1697 3166 wir
1719 3127 1887 3166 wiirden
1910 3127 2012 3166 cher

1177 3189 1396 3225 servantes
1416 3208 1444 3214 -
1465 3183 1769 3225 descendebant
1785 3188 2009 3233 erwnrten,

1177 3243 1237 3281 sie
1278 3241 1452 3282 riickten
1488 3242 1529 3281 in
1566 3241 1640 3280 der
1675 3239 1872 3291 Orduuug
1906 3238 2008 3279 nach

2115 2435 2142 2463 Ο
