2221 3537
864 934 906 999 Τ
952 933 980 998 Ι
1028 933 1069 999 Τ
1117 933 1144 999 Ι
1234 932 1278 998 L
1325 932 1353 999 I
1399 931 1452 999 V
1497 933 1526 999 Ι

522 1082 597 1130 ΑΒ
637 1080 800 1130 URBE
841 1080 1107 1130 CONDITA
1149 1080 1466 1130 LIBRORUM
1503 1080 1869 1131 PERIOCHAE.

1060 1225 1140 1265 EX
1172 1225 1268 1267 LlB.
1292 1224 1321 1266 1.

425 1298 453 1338 l.
488 1299 702 1339 Adventus
727 1298 894 1338 Aeneae
924 1297 966 1337 in
998 1297 1160 1338 Italiam
1188 1304 1229 1338 et
1258 1311 1324 1338 res
1357 1304 1514 1349 gestae.
1548 1297 1704 1338 Ascani
1734 1310 1906 1350 regnum
1939 1297 2071 1338 Albae

312 1362 354 1397 et
376 1355 483 1396 Silvi
506 1362 546 1395 et
567 1356 762 1408 deinceps
781 1355 1025 1395 Silviorum.
1061 1355 1290 1396 Numitoris
1313 1355 1401 1396 filia
1424 1368 1445 1395 a
1464 1354 1599 1395 Marte
1621 1368 1872 1408 compressa,
1894 1354 2072 1396 natiRo-

312 1414 448 1454 mulus
471 1419 514 1453 et
536 1413 700 1453 Remus.
734 1412 924 1452 Amulius
962 1413 1245 1452 obtruncatus.
1291 1414 1390 1452 urbs
1432 1426 1454 1451 a
1492 1411 1663 1452 Romulo
1686 1412 1868 1453 condita.
1901 1417 2072 1452 senatus

313 1471 462 1511 lectus.
494 1482 582 1509 cum
624 1468 793 1509 Sabinis
818 1469 1028 1508 bellatum.
1063 1470 1198 1522 spolia
1230 1470 1361 1522 opima
1384 1468 1573 1513 Feretrio
1612 1468 1700 1509 lovi
1731 1469 1831 1510 lata.
1864 1470 1906 1509 in
1929 1467 2071 1509 curias

315 1528 490 1581 populus
513 1527 687 1566 divisus.
734 1525 970 1575 Fidenates,
997 1526 1195 1566 Veientes
1225 1527 1341 1567 victi.
1386 1526 1585 1566 Romulus
1617 1531 1901 1566 consecratus.
1942 1525 2075 1567 Numa

314 1584 540 1636 Pompilius
578 1584 687 1623 ritus
720 1595 934 1622 sacrorum
967 1583 1156 1623 tradidit.
1197 1589 1316 1635 porta
1356 1582 1442 1623 Iani
1474 1583 1631 1623 clausa.
1672 1583 1822 1623 Tullus
1862 1582 2072 1623 Hostilius

314 1641 500 1681 Albanos
535 1640 725 1691 diripuit.
761 1639 1076 1690 trigeminorum
1114 1653 1260 1693 pugna.
1309 1640 1431 1681 Metti
1461 1637 1602 1679 Fufeti
1633 1639 1892 1693 supplicium.
1923 1639 2074 1680 Tullus

314 1697 488 1738 fulmine
538 1703 821 1749 consumptus.
871 1698 1010 1736 Ancus
1043 1697 1222 1737 Martius
1265 1696 1437 1737 Latinos
1469 1697 1643 1745 devicit,
1683 1696 1843 1737 Ostiam
1875 1695 2073 1737 condidit.

312 1754 568 1807 Tarquinius
592 1754 761 1794 Priscus
775 1754 946 1794 Latinos
970 1754 1201 1808 superavit,
1225 1754 1379 1794 circum
1402 1753 1516 1804 fecit,
1539 1753 1735 1794 finitimos
1746 1753 1917 1803 devicit,
1933 1764 2073 1792 muros

314 1818 356 1852 et
378 1813 544 1851 cloacas
566 1810 682 1851 fecit.
715 1810 862 1850 Servio
875 1810 1016 1850 Tullio
1040 1817 1163 1863 caput
1184 1812 1306 1850 arsit.
1342 1811 1515 1850 Servius
1527 1809 1692 1850 Tullius
1706 1810 1906 1851 Veientes
1918 1809 2073 1850 devicit

315 1875 356 1909 et
379 1869 568 1921 populum
592 1869 632 1908 in
656 1868 812 1909 classes
836 1867 1151 1917 divisit,aedem
1168 1868 1322 1907 Dianae
1345 1867 1568 1908 dedicavit.
1590 1866 1846 1920 Tarquinius
1863 1865 2073 1919 Superbus

315 1926 452 1966 occiso
475 1925 617 1965 Tullio
642 1938 809 1975 reguum
846 1925 1015 1966 invasit.
1034 1925 1202 1965 Tulliae
1225 1924 1363 1965 scelus
1382 1924 1421 1963 in
1446 1929 1618 1976 patrem.
1651 1923 1816 1964 Turnus
1837 1923 2073 1964 Herdonius

315 1996 389 2036 per
409 1982 680 2035 Tarquinium
705 1982 879 2022 occisus.
921 1981 1071 2021 bellum
1097 1995 1187 2021 cum
1211 1981 1395 2021 vulscis.
1428 1979 1573 2021 fraude
1594 1980 1689 2021 Sex.
1722 1980 1927 2034 Tarquini
1949 1978 2074 2020 Gabii

315 2040 486 2092 direpti.
520 2040 770 2092 Capitolium
789 2040 1037 2079 inchoatum.
1070 2037 1259 2078 Termini
1282 2044 1324 2078 et
1340 2038 1537 2078 luventae
1559 2049 1659 2078 arae
1676 2038 1837 2079 moveri
1856 2051 1937 2078 non
1956 2041 2076 2090 potu-

317 2102 451 2137 erunt.
489 2096 686 2137 Lucretia
710 2110 754 2136 se
777 2096 946 2136 occidit.
981 2096 1157 2149 Superbi
1180 2096 1387 2148 expulsio.
1421 2101 1637 2147 regnatum
1654 2100 1718 2134 est
1737 2095 1858 2135 annis
1881 2092 2033 2136 CCLV.

430 2153 475 2193 ll.
526 2153 603 2193 Ein
638 2154 836 2205 langerer
869 2153 1052 2205 Auszug,
1084 2154 1157 2192 dcr
1189 2152 1279 2193 sich
1312 2152 1350 2191 in
1385 2153 1458 2192 der
1489 2153 1666 2192 'altesten
1698 2148 1970 2192 Handschrift
2000 2151 2076 2190 der

317 2209 542 2251 Periocbae
575 2212 721 2262 findet,
773 2211 814 2250 in
850 2212 1025 2250 welcher
1052 2209 1204 2261 jedoch
1235 2210 1300 2250 lzic
1332 2209 1598 2264 temptandae
1629 2234 1665 2240 -
1690 2211 1882 2264 protinus
1908 2207 2072 2261 factum

318 2281 396 2308 vor
416 2270 610 2320 reg-navit
630 2270 754 2308 annis
778 2267 952 2308 XXIIII
970 2267 1095 2308 steht.

432 2325 597 2365 Latinis
629 2326 756 2365 victis
788 2331 966 2364 montem
991 2325 1241 2364 Aventinum
1265 2323 1520 2376 adsignavit,
1543 2323 1646 2364 fines
1669 2322 1860 2377 protulit,
1885 2321 2075 2362 Hostiam

318 2382 522 2422 coloniam
545 2383 731 2422 deduxit.
765 2382 1043 2422 caerimonias
1066 2395 1086 2421 a
1104 2381 1231 2422 Numa
1249 2380 1462 2420 institutas
1484 2382 1717 2420 renovavit.
1744 2378 1939 2431 regnavit
1955 2377 2075 2418 annis

323 2437 488 2478 XXllll.
537 2439 718 2479 Lucumo
744 2439 957 2479 Demarati
981 2438 1189 2478 Corinthii
1215 2437 1325 2476 filius
1348 2451 1369 2477 a
1394 2436 1647 2489 Tarquiniis,
1669 2436 1849 2476 Etrusca
1883 2434 2076 2484 civitate,

321 2496 486 2535 Romam
511 2496 624 2535 venit
649 2503 688 2536 et
712 2497 751 2535 in
775 2496 1002 2535 amicitiam
1026 2495 1130 2534 Anci
1166 2501 1360 2547 receptus
1400 2493 1602 2546 Tarquini
1635 2492 1770 2534 Prisci
1793 2504 1939 2532 nomen
1961 2489 2076 2533 ferre

320 2553 459 2604 coepit
483 2559 524 2592 et
548 2559 638 2605 post
661 2559 832 2592 mortem
856 2553 957 2591 Anci
982 2565 1150 2603 regnum
1174 2551 1349 2603 excepit.
1383 2556 1543 2591 centum
1574 2551 1613 2590 in
1649 2556 1790 2604 patres
1812 2548 1974 2600 allegit,
1997 2547 2077 2589 La-

322 2609 432 2649 tinos
466 2610 644 2660 subegit,
677 2610 796 2648 ludos
829 2610 869 2648 in
903 2610 1013 2648 circo
1047 2608 1193 2658 edidit,
1226 2608 1409 2661 equitum
1433 2608 1644 2648 centurias
1676 2605 1912 2660 ampliavit,
1934 2606 2076 2646 urbem

323 2679 439 2705 muro
471 2666 760 2715 circumdedit,
797 2666 963 2705 cloacas
988 2664 1097 2705 fecit.
1133 2665 1297 2704 occisus
1321 2671 1385 2705 est
1407 2665 1457 2705 ab
1481 2664 1586 2704 Anci
1610 2664 1722 2715 filiis,
1744 2676 1834 2704 cum
1857 2667 2077 2714 regnasset

323 2723 443 2762 annis
466 2721 704 2762 xxxx'm.
739 2722 804 2762 bic
834 2722 1097 2774 temptandae
1123 2722 1324 2762 scientiae
1356 2722 1447 2761 Atti
1470 2722 1575 2762 Navi
1601 2720 1771 2773 auguris
1793 2731 1918 2760 causa
1940 2717 2076 2760 fertur

323 2780 586 2819 consuluisse
619 2792 722 2827 eum,
755 2792 803 2818 an
828 2779 882 2827 id,
904 2780 951 2818 de
976 2792 1052 2831 quo
1086 2779 1307 2829 cogitaret,
1330 2778 1440 2818 effici
1464 2784 1625 2832 posset3
1647 2777 1752 2831 quod
1776 2790 1866 2817 cum
1883 2776 1958 2816 ille
1979 2774 2073 2815 fieri

324 2850 444 2889 posse
465 2836 657 2888 dixisset,
684 2837 859 2876 iussisse
882 2849 970 2875 cum
994 2836 1197 2875 novacula
1221 2841 1352 2877 cotem
1376 2836 1630 2888 praecidere,
1652 2836 1772 2888 idque
1793 2833 1843 2874 ab
1860 2834 1961 2873 Atto
1980 2844 2076 2885 pro-

323 2894 437 2933 tinus
459 2892 626 2933 factum.

439 2950 651 2990 Successit
673 2950 708 2989 ei
732 2950 905 2990 Servius
928 2949 1108 2999 Tullius,
1133 2955 1252 2989 natus
1277 2962 1326 2989 ex
1353 2949 1519 3002 captiva
1543 2948 1673 2989 nobili
1694 2946 1986 2999 Corniculana,
2008 2945 2076 2987 cui

325 3020 453 3061 puero
476 3008 607 3047 adhuc
630 3008 669 3046 in
695 3007 811 3045 cunis
835 3007 970 3058 posito
995 3012 1115 3059 caput
1137 3007 1292 3046 arsisse
1314 3007 1513 3047 traditum
1537 3011 1640 3047 erat.
1661 3004 1697 3044 is
1718 3016 1884 3045 censum
1902 3003 2076 3057 primum

326 3065 425 3115 egit,
447 3065 624 3105 lustrum
657 3064 855 3112 condidit,
887 3077 964 3116 qno
997 3077 1118 3103 censa
1150 3063 1313 3103 LXXX
1351 3063 1467 3104 milia
1493 3075 1584 3104 esse
1606 3062 1814 3112 dicuntur,
1849 3059 2076 3115 pomerium

325 3122 522 3174 protulit,
553 3121 682 3162 colles
714 3121 808 3161 urbi
832 3120 986 3160 adiecit
1017 3120 1275 3172 Quirinalem
1304 3119 1555 3160 Viminalem
1577 3118 1858 3172 Esquilinum,
1879 3116 2077 3172 templum

324 3179 480 3218 Dianae
503 3192 591 3219 cum
615 3178 780 3218 Latinis
816 3177 853 3216 in
879 3178 1085 3216 Aventino
1123 3176 1236 3217 fecit.
1271 3176 1518 3218 interfectus
1541 3183 1605 3217 est
1625 3190 1648 3217 a
1679 3173 1808 3215 Lucio
1831 3173 2075 3228 Tarquinio,

325 3234 464 3276 Prisci
489 3236 590 3288 filio,
614 3235 791 3275 consilio
817 3234 926 3274 ntiae
945 3247 1045 3274 suae
1058 3233 1237 3284 Tulliae,
1260 3247 1349 3273 cum
1374 3239 1593 3286 regnasset
1614 3233 1734 3273 annis
1750 3230 1910 3272 XLllll.
