2221 3537
22 203 33 222 s
21 170 30 183 ,.
22 85 31 155 vff„
22 59 29 71 ,
15 0 36 43 J„

0 450 11 463 >
0 342 12 442 ...u-iu*-
6 323 10 329 -
0 292 13 315 ν
0 259 10 287 r.
0 0 18 255 *VraWW‘f

233 708 299 758 16

335 234 437 283 292
909 230 1068 272 LIBER
1088 231 1138 272 v.
1191 231 1305 272 cAP.
1340 233 1405 272 15.
1441 231 1506 272 16.

1784 253 1817 277 a.
1843 253 1879 276 u.
1904 243 1984 278 356.
2008 245 2087 278 357.

334 360 649 416 abundasset,
686 366 815 415 tum,
853 358 893 406 si
929 373 1032 407 eam
1059 359 1310 408 Romanus
1337 359 1428 407 rite
1453 359 1720 418 emisisset,
1754 359 2002 408 victoriam
2030 359 2089 408 de

332 429 610 478 Veientibus
639 428 762 487 dari;
790 434 1045 492 antequam
1074 430 1119 478 id
1148 430 1243 487 fiat,
1272 429 1392 477 deos
1421 430 1609 479 moenia
1631 429 1901 479 Veientium
1922 429 2089 478 deser-

330 506 470 548 turos
491 513 591 547 non
613 514 734 547 esse.
763 499 1116 562 exsequebatur
1135 499 1263 555 inde,
1288 514 1410 562 quae
1428 499 1677 548 sollemnis
1694 499 1923 548 derivatio
1940 505 2088 548 esset.

249 577 298 616 12
335 569 417 617 sed
453 575 703 618 auctorem
735 569 886 617 levem
921 584 1009 617 nec
1044 569 1160 618 satis
1198 569 1349 617 fidum
1383 584 1531 633 super
1563 576 1695 618 tanta
1729 585 1780 618 re
1812 575 1974 634 patres
2000 569 2092 618 rati

335 639 587 688 decrevere
611 639 791 702 legatos
821 646 1069 702 sortesque
1096 639 1274 688 oraculi
1302 639 1484 702 Pythici
1510 640 1845 704 expectandas.

476 709 767 773 Priusquam
804 725 829 756 a
865 709 1057 773 Delphis
1094 715 1311 758 oratores
1347 710 1579 768 redirent,
1624 710 1850 758 Albanive
1883 708 2091 773 prodigii

333 779 517 843 piacula
545 779 886 835 invenirentur,
915 779 1026 826 novi
1053 779 1231 827 tribuni
1259 779 1463 828 militum
1492 779 1734 828 consulari
1756 783 2011 842 potestate,
2038 779 2093 827 L.

332 850 479 898 Iulius
519 849 647 898 Iulus
685 849 735 897 L.
773 848 947 897 Furius
983 848 1270 897 Medullinus
1306 856 1529 912 quartum
1567 849 1619 897 L.
1659 849 1859 913 Sergius
1884 848 2092 897 Fidenas

334 921 385 968 A.
414 919 697 967 Postumius
732 918 1015 980 Regillensis
1053 918 1106 966 P.
1134 918 1386 967 Cornelius
1420 918 1762 982 Maluginensis
1798 919 1850 968 A.
1878 918 2095 978 ManliuS,

271 994 296 1034 2
333 989 662 1050 magistratum
706 988 926 1036 inierunt.
986 1004 1041 1036 eo
1084 1003 1210 1036 anno
1247 989 1624 1052 Tarquinienses
1658 990 1771 1038 novi
1806 989 1972 1038 hostes
2007 1004 2092 1037 ex-

333 1059 440 1107 orti.
492 1059 600 1122 quia
628 1059 793 1106 multis
822 1057 964 1106 simul
991 1057 1153 1115 bellis,
1184 1058 1470 1107 Volscorum
1499 1059 1557 1107 ad
1584 1060 1767 1116 Anxur,
1796 1059 1877 1107 ubi
1903 1058 2092 1123 praesi-

331 1129 463 1177 dium
493 1127 817 1182 obsidebatur,
848 1129 1127 1192 Aequorum
1154 1128 1210 1177 ad
1234 1129 1452 1190 LabicOS,
1481 1129 1562 1192 qui
1583 1129 1851 1178 Romanam
1872 1128 1935 1177 ibi
1957 1128 2092 1177 colo-

329 1199 459 1246 niam
488 1198 848 1262 oppugnabant,
879 1199 936 1246 ad
964 1199 1057 1247 hoc
1077 1199 1355 1262 Veientique
1382 1206 1429 1248 et
1447 1199 1634 1248 Falisco
1657 1206 1702 1248 et
1722 1198 1950 1264 Capenati
1968 1197 2091 1249 bello

332 1276 596 1332 occupatos
626 1269 847 1317 videbant
872 1269 1149 1326 RomanOS,
1178 1284 1266 1317 nec
1292 1270 1415 1318 intra
1444 1284 1614 1318 muros
1642 1269 1875 1333 quietiora
1900 1269 2094 1332 negotia

333 1354 439 1387 esse
474 1339 815 1387 certaminibus
856 1346 1047 1402 patrum
1079 1355 1132 1388 ac
1166 1339 1346 1403 plebiS,
1391 1339 1516 1388 inter
1550 1340 1666 1388 haec
1697 1340 1858 1389 locum
1893 1338 2093 1388 iniuriae

332 1410 420 1458 rati
464 1425 596 1467 esse,
644 1409 928 1472 praedatum
973 1409 1021 1456 in
1066 1425 1234 1472 agrum
1271 1409 1544 1458 Romanum
1583 1410 1808 1458 cohortes
1845 1408 2090 1473 expeditas

331 1479 553 1527 mittunt:
592 1487 671 1527 aut
698 1479 826 1526 enim
855 1494 1089 1541 passuros
1117 1479 1319 1527 inultam
1347 1495 1451 1527 eam
1479 1479 1702 1527 iniuriam
1731 1479 2007 1537 RomanoS,
2033 1494 2094 1528 ne

329 1563 457 1597 novo
485 1548 608 1596 bello
638 1565 690 1596 se
719 1554 990 1604 onerarent,
1020 1555 1102 1596 aut
1129 1549 1300 1612 exiguo
1330 1565 1484 1613 eoque
1509 1564 1680 1613 parum
1708 1549 1862 1598 valido
1885 1548 2095 1598 exercitu

330 1626 689 1682 persecuturos,
735 1618 967 1666 Romanis
996 1619 1256 1682 indignitas
1285 1619 1443 1668 maior
1463 1634 1608 1684 quam
1630 1635 1741 1668 cura
1764 1618 2091 1683 populationis

332 1689 753 1752 Tarquiniensium
781 1688 895 1737 fuit:
929 1704 986 1736 eo
1014 1703 1102 1738 nec
1129 1704 1304 1752 magno
1335 1696 1510 1738 conatu
1536 1695 1762 1754 suscepta
1788 1704 1879 1738 nec
1903 1688 1953 1738 in
1978 1688 2094 1738 lon-

330 1910 417 1937 sen.
441 1920 495 1926 -
517 1897 790 1945 abundasset,
808 1899 958 1937 anders
977 1897 1058 1937 Cic.
1072 1898 1164 1937 Div.

329 1953 368 2005 2,
399 1953 472 1993 32:
510 1957 549 1994 si
581 1954 698 1994 lacus
734 1954 831 1994 Alb.
869 1954 1167 2005 redundasset,

326 2012 445 2063 isque
483 2012 526 2049 in
565 2024 684 2050 mare
710 2011 941 2062 fluxisset,
988 2010 1167 2051 Romam

325 2068 627 2121 pmturam‚si
644 2080 869 2120 repressus
888 2070 1009 2115 esset,
1023 2067 1068 2107 V
1069 2070 1165 2117 eto-5,

327 2122 381 2162 ib.
411 2124 444 2171 1,
467 2123 520 2161 44
543 2136 580 2161 u.
613 2122 638 2174 ξ
663 2122 702 2161 2.
756 2122 869 2162 Nach
900 2123 946 2161 L.
979 2124 1088 2161 biess
1120 2135 1165 2161 es

327 2179 366 2217 in
396 2179 473 2217 den
505 2178 600 2217 libri
623 2177 693 2216 fat.
719 2191 816 2227 nur,
847 2179 942 2218 dass
973 2179 1037 2218 die
1068 2179 1166 2218 Ein-

327 2235 470 2273 nahme
508 2236 582 2273 der
611 2234 731 2274 Stadt
765 2247 815 2273 an
848 2235 910 2274 die
942 2235 1168 2284 Ableitung

328 2291 400 2330 des
425 2289 626 2330 wassers
657 2289 859 2343 gekniipft
881 2292 954 2340 sei,
987 2304 1019 2330 s.
1046 2292 1165 2330 Dion.

331 2347 403 2393 12,
434 2346 506 2395 133
531 2360 575 2386 so
600 2347 719 2397 lange
739 2348 851 2386 diese
871 2348 981 2386 nicht
998 2346 1165 2397 erfolgt,

328 2404 398 2441 hat
427 2401 520 2453 Veji
552 2404 685 2442 nichts
723 2417 773 2442 zu
804 2402 1010 2442 fiirehten:
1044 2407 1165 2443 ante-

327 2472 452 2511 quam
478 2482 503 2486 -
528 2459 774 2499 deserturos
815 2472 897 2499 nou
935 2474 1047 2507 esseg
1092 2472 1165 2510 ge-

328 2526 456 2552 nauer
493 2515 548 2553 ist
584 2516 655 2554 das
696 2515 850 2554 Orakel
887 2529 921 2554 c.
955 2516 1016 2566 16,
1041 2517 1079 2555 9.
1110 2538 1166 2544 —

328 2571 424 2618 rite,
455 2571 554 2608 nach
584 2571 660 2608 den
684 2569 971 2610 Vorscbriften
1002 2572 1073 2610 des
1097 2570 1166 2610 Ri-

328 2631 394 2665 tus
411 2626 493 2664 und
512 2626 585 2664 der
597 2625 907 2666 W'issenschaft
927 2628 1001 2665 der
1018 2627 1167 2666 Etrus-

327 2682 416 2732 ker,
454 2694 487 2721 8.
518 2695 552 2720 c.
590 2681 713 2731 17,1,
752 2683 829 2720 wie
866 2683 1045 2720 nachher
1079 2682 1163 2722 sol-

327 2738 490 2787 lemnis,
517 2737 551 2786 l,
575 2737 612 2783 8,
642 2738 675 2775 1.
696 2759 750 2765 —
770 2737 883 2785 deos,
908 2738 971 2776 die
990 2737 1166 2777 Schutz-

327 2797 469 2844 gb'tter
488 2794 563 2832 der
584 2793 718 2841 stadt,
751 2794 799 2832 da
823 2794 934 2832 diese
966 2799 1056 2832 erst
1077 2795 1164 2832 ein-

327 2862 567 2900 genommen
592 2850 758 2888 werden
782 2849 904 2899 kann,
929 2862 1044 2888 wenn
1064 2851 1162 2900 jene

328 2907 388 2945 sie
419 2904 673 2955 aufgegeben
706 2905 846 2945 baben.
885 2928 940 2934 —
974 2919 1103 2959 super
1133 2910 1162 2946 t.

329 2975 388 3011 re,
411 2961 448 3013 2,
471 2962 508 3008 4,
534 2963 581 3000 4;
606 2963 644 3010 4,
670 2960 736 3012 56,
764 2961 826 3000 10.
859 2986 911 2990 -
941 2966 1092 3010 sortes,
1125 2976 1159 3002 c.

332 3017 396 3067 16,
420 3018 467 3064 83
500 3018 563 3056 die
590 3018 876 3068 Bezeichnung
894 3018 948 3057 ist
970 3019 1059 3057 dem
1082 3020 1161 3058 ita-

328 3074 482 3112 liscben
508 3073 804 3113 Orakclwesen
833 3074 1032 3123 entlehnt,
1059 3088 1089 3113 s.
1126 3076 1158 3122 1,

329 3129 395 3176 56,
427 3129 473 3175 6;
498 3129 564 3180 21,
589 3130 655 3181 62,
680 3131 724 3177 53
757 3130 978 3170 Mommsen
1005 3130 1040 3181 l,
1070 3130 1160 3171 181.

388 3232 493 3279 16-
515 3233 595 3281 17.
651 3240 779 3294 Krieg
815 3244 888 3283 mit
924 3242 1158 3294 Tarquinii;

273 1767 290 1774 '
330 1774 442 1823 gum
479 1759 619 1808 dilata
655 1774 732 1807 res
768 1766 854 1807 est.
907 1760 960 1807 A.
990 1759 1270 1808 Postumius
1307 1767 1353 1808 et
1378 1760 1428 1808 L.
1459 1759 1604 1809 Iulius
1632 1774 1732 1808 non
1758 1759 1887 1808 iusto
1916 1759 2094 1808 dilectu

1257 1899 1332 1937 der
1354 1898 1684 1950 Orakelspruch3
1723 1897 2094 1949 Versammlungeu

1257 1955 1295 1993 in
1319 1954 1531 1994 Etrurien.

1318 2015 1353 2049 l.
1384 2010 1566 2064 piacula,
1589 2023 1622 2049 c.
1650 2010 1712 2058 15,
1741 2008 1776 2048 1.
1805 2031 1861 2038 —
1890 2009 2037 2060 lulius,
2059 2023 2094 2051 c.

1261 2066 1326 2117 10,
1349 2068 1476 2106 daher
1497 2067 1535 2106 in
1554 2067 1591 2106 d.
1611 2065 1764 2105 Fasten
1787 2063 1834 2105 ll.
1857 2088 1913 2094 —
1933 2065 2095 2107 Furius

1258 2122 1316 2163 M.
1340 2137 1393 2176 q.,
1424 2122 1526 2162 eben
1550 2135 1595 2161 so
1627 2122 1727 2161 nach
1750 2122 1825 2161 den
1849 2121 2018 2173 Fauen,
2054 2135 2087 2163 s.

1259 2193 1293 2218 c.
1323 2179 1385 2220 14.
1442 2178 1487 2218 L.
1525 2178 1715 2218 hemerkt
1749 2177 1880 2228 nicht,
1915 2179 2011 2218 dass
2046 2191 2095 2219 er

1258 2236 1364 2274 zwei
1386 2235 1510 2274 Jahre
1533 2235 1633 2274 nach
1651 2234 1850 2273 einander
1871 2233 2096 2274 Consular-

1259 2291 1394 2331 tribun
1418 2291 1485 2330 ist.
1524 2313 1579 2319 —
1617 2289 1847 2340 Cornelius,
1886 2290 1986 2330 nach
2015 2291 2093 2330 den

1257 2347 1413 2387 Fasten
1437 2348 1501 2386 ein
1524 2347 1702 2386 anderer
1721 2345 1783 2384 als
1805 2346 1844 2396 4,
1867 2344 1934 2386 61.
1972 2345 2096 2386 Man-

1256 2404 1353 2454 lius,
1376 2416 1422 2442 er
1444 2404 1499 2442 ist
1521 2414 1565 2441 es
1590 2404 1774 2450 tertium,
1797 2401 1836 2451 4,
1859 2400 1934 2450 613
1958 2402 1997 2453 5,
2016 2401 2054 2441 8.

1313 2458 1336 2496 2
1358 2482 1386 2487 -
1403 2457 1440 2497 3.
1488 2457 1822 2510 Tarquinienses,
1850 2456 1884 2505 1,
1903 2456 1978 2506 343
2000 2457 2039 2506 2,
2052 2457 2093 2499 6.

1256 2538 1310 2543 —
1332 2516 1602 2566 Aequorum,
1632 2514 1713 2552 seit
1742 2513 1781 2561 4,
1806 2511 1857 2551 56
1890 2513 2002 2553 nicht
2023 2526 2092 2554 er-

1257 2570 1410 2609 w‘ahnt.
1433 2593 1488 2598 —
1504 2569 1692 2617 Labicos,
1715 2569 1752 2618 4,
1769 2569 1836 2609 47.
1858 2591 1913 2598 -
1935 2569 2092 2611 Veien-

1259 2628 1369 2679 tique
1399 2629 1438 2665 et
1461 2626 1524 2674 F„
1561 2626 1625 2664 die
1658 2625 1927 2676 Verbindung
1961 2626 2091 2666 durch

1256 2696 1334 2734 que
1354 2685 1394 2721 et
1416 2683 1543 2721 findet
1565 2682 1652 2721 sich
1675 2681 1824 2733 selten,
1847 2694 1965 2721 wenn
1987 2683 2091 2722 noch

1255 2740 1319 2776 ein
1352 2739 1503 2778 drittes
1526 2737 1644 2778 Glied
1674 2736 1791 2788 folgt,
1829 2737 1930 2777 Sall.
1961 2736 1989 2777 Ι.
2021 2737 2090 2790 76,

1255 2794 1298 2832 6:
1335 2798 1426 2834 vino
1465 2797 1629 2835 onerati
1660 2793 1810 2846 illaque
1845 2797 1888 2833 et
1916 2793 2090 2835 domum

1256 2854 1297 2889 et
1337 2855 1471 2890 semet
1507 2853 1601 2903 igni
1637 2853 1938 2904 corrumpunt3
1987 2849 2086 2891 Tac.

1255 2908 1360 2946 Anu.
1384 2908 1421 2954 4,
1447 2906 1486 2958 3,
1523 2906 1704 2946 wesbalb
1727 2906 1889 2945 Andere
1919 2905 2092 2947 Veienti

1254 2976 1414 3016 quoque
1434 2964 1564 3003 lesen.
1586 2987 1637 2992 --
1672 2961 1984 3012 certaminibus,
2021 2961 2089 3002 bei

1254 3020 1328 3058 den
1354 3021 1455 3059 oder
1472 3020 1510 3058 in
1530 3018 1658 3070 Fulge
1677 3019 1751 3058 der
1768 3017 2087 3068 Streitigkeiten

1252 3076 1365 3115 viell.
1396 3088 1538 3126 wegen
1570 3076 1645 3115 der
1674 3074 1978 3125 Verdriingung
2013 3074 2089 3114 der

1252 3131 1447 3182 Plebejer
1477 3144 1569 3171 vom
1599 3130 2026 3182 Consulartribunate,
2050 3143 2087 3170 c.

1255 3187 1318 3237 17,
1342 3189 1379 3227 5.
1398 3210 1453 3216 —
1474 3188 1632 3228 cohort.
1657 3200 1770 3242 eoep„
1794 3185 2089 3239 leichteTrup·

1249 3256 1339 3295 pen,
1365 3243 1404 3294 2,
1431 3243 1494 3294 11,
1518 3243 1556 3283 8.
