2221 3537
297 264 393 314 198
859 259 1019 301 LIBER
1049 259 1118 301 IV.
1167 259 1289 301 CAP.
1320 259 1389 302 28.
1418 259 1487 301 29.

1845 281 1878 304 a.
1902 280 1939 304 u.
1962 272 2042 306 823.

232 399 258 438 2
293 389 436 454 pidos
469 388 564 437 iam
601 388 770 436 hostes
801 386 1006 446 fecerat,
1042 387 1246 436 dictator
1283 392 1470 447 autem,
1497 394 1633 452 parte
1659 387 1805 437 altera
1828 386 2046 438 subsidia

292 466 339 508 et
366 458 628 507 secundam
655 459 804 507 aciem
833 459 1049 516 adortus,
1078 457 1423 521 circumagenti
1450 473 1502 507 se
1527 458 1586 507 ad
1613 458 1842 507 dissonos
1863 457 2044 507 clamo-

289 544 367 578 res
393 544 449 578 ac
469 528 658 578 subitos
683 528 918 578 tumultus
940 529 1068 576 hosti
1091 528 1302 591 undique
1323 527 1564 577 obiecerat
1581 529 1814 578 victorem
1834 528 2044 592 peditem

229 610 254 649 3
291 599 615 663 equitemque.
672 598 983 648 circumventi
1017 597 1161 660 igitur
1196 598 1290 646 iam
1328 598 1377 646 in
1412 598 1572 647 medio
1606 599 1665 648 ad
1691 614 1846 648 unum
1871 613 2044 648 omnes

289 684 472 734 poenas
497 669 770 719 rebellionis
806 670 1069 726 dedissent,
1103 669 1153 716 ni
1179 667 1360 716 Vettius
1386 669 1590 719 Messius
1628 685 1686 717 ex
1713 669 1922 728 VolsciS,
1950 683 2043 718 no-

291 740 433 788 bilior
468 740 538 788 vir
570 740 707 789 factis
736 755 880 803 quam
917 753 1114 802 genere,
1145 739 1238 787 iam
1277 739 1444 787 orbem
1472 739 1713 788 volventes
1741 755 1859 788 suos
1886 739 2043 788 incre-

229 826 256 862 4
293 825 414 874 pans
451 811 573 858 clara
609 826 726 858 voce
763 809 875 867 „hic
900 809 1193 872 praebituri“
1221 809 1378 872 inquit
1402 825 1524 865 „vos
1551 809 1658 858 telis
1684 809 1899 858 hostium
1925 810 2042 858 estis

289 881 541 938 indefensi,
569 880 704 928 inulti
725 877 749 927 ?
789 879 901 943 quid
929 878 1074 941 igitur
1095 894 1227 927 arma
1246 879 1451 937 habetiS,
1476 886 1559 927 aut
1584 878 1697 942 quid
1721 879 1845 927 ultro
1864 879 2040 928 bellurn
2111 902 2114 905 ·

291 951 544 1007 intulistiS,
582 950 630 997 in
670 950 769 997 otio
810 949 1118 1007 tumultuosi,
1152 949 1202 997 in
1235 949 1358 997 bello
1387 946 1598 1011 segnes?
1626 948 1739 1012 quid
1764 949 1844 998 hic
1869 949 2042 998 stanti-

229 1035 252 1073 5
290 1020 380 1069 bus
419 1020 521 1084 spei
556 1018 667 1068 est?
703 1034 762 1068 an
798 1020 941 1068 deum
977 1019 1183 1083 aliquem
1218 1026 1553 1083 protecturum
1581 1034 1666 1067 vos
1692 1025 2043 1084 rapturumque

287 1091 403 1139 hinc
436 1088 652 1153 putatis?
685 1090 813 1138 ferro
850 1090 924 1138 via
957 1089 1173 1138 facienda
1210 1096 1297 1138 est.
1348 1090 1457 1148 hac,
1483 1105 1575 1153 qua
1596 1105 1673 1138 me
1699 1105 2042 1153 praegressum

288 1161 521 1218 videritis,
550 1161 686 1224 agite,
714 1161 796 1224 qui
822 1160 970 1209 visuri
997 1160 1174 1208 domos
1200 1166 1424 1223 parentes
1453 1160 1682 1223 coniuges
1709 1159 1889 1209 liberos
1912 1161 2041 1219 estiS,

285 1232 348 1279 ite
382 1246 585 1281 mecum.
635 1245 734 1279 non
760 1246 928 1280 murus
955 1244 1046 1279 nec
1071 1231 1267 1289 vallum,
1295 1231 1380 1279 sed
1407 1230 1576 1279 armati
1602 1231 1800 1279 armatis
1829 1226 2040 1280 obstant.

287 1302 460 1350 virtute
482 1317 644 1365 pareS,
674 1302 982 1358 necessitate,
1009 1316 1130 1364 quae
1157 1301 1380 1349 ultimum
1407 1315 1460 1348 ac
1486 1300 1749 1349 maximum
1774 1300 1925 1350 telum
1951 1308 2039 1356 est,

227 1382 252 1422 6
289 1374 566 1435 superiores
601 1372 768 1420 estis.“

819 1372 934 1420 haec
964 1372 1179 1420 locutum
1208 1377 1647 1434 exsequentemque
1673 1371 1798 1420 dicta
1824 1371 2039 1420 redinte-

289 1448 423 1506 grato
469 1442 677 1490 clamore
710 1442 862 1491 secuti
896 1442 1011 1489 dant
1044 1441 1427 1505 inpressionem,
1461 1457 1552 1504 qua
1578 1441 1862 1490 Postumius
1890 1441 2039 1490 Albus

290 1513 516 1561 cohortes
546 1512 807 1569 obiecerat,
834 1518 881 1559 et
905 1518 1164 1560 moverunt
1188 1512 1433 1568 victorem,
1460 1511 1614 1559 donec
1640 1511 1845 1560 dictator
1867 1510 2040 1574 pedem

286 1583 379 1631 iam
408 1582 726 1630 referentibus
755 1582 855 1630 suis
882 1581 1088 1638 advenit,
1119 1597 1273 1645 eoque
1300 1595 1445 1629 omne
1471 1581 1709 1645 proelium
1735 1596 1928 1630 versum
1947 1588 2038 1631 est.

228 1667 249 1705 7
286 1653 370 1701 uni
400 1653 518 1710 viro,
543 1653 736 1709 MessiO,
762 1652 957 1701 fortuna
977 1652 1194 1700 hostium
1217 1652 1454 1700 innititur.
1500 1652 1648 1700 multa
1669 1652 1914 1715 utrimque
1933 1652 2040 1701 vul-

285 1737 421 1782 nera,
457 1723 604 1771 multa
645 1723 828 1786 passim
865 1723 1035 1771 caedes
1072 1728 1157 1770 est.
1222 1723 1315 1770 iam
1349 1737 1409 1770 ne
1437 1721 1582 1770 duces
1611 1722 1806 1786 quidem
1831 1722 2040 1771 Romani

227 1805 250 1844 8
287 1794 526 1842 incruenti
562 1800 794 1856 pugnant.
852 1807 981 1841 unus
1010 1793 1291 1841 Postumius
1324 1792 1445 1840 ictus
1474 1807 1589 1840 saxo
1620 1792 1857 1855 perfracto
1886 1793 2039 1856 capite

286 1864 383 1912 acie
418 1865 636 1912 excessit.
693 1878 794 1912 non
831 1863 1115 1912 dictatorem
1152 1878 1350 1911 umerus
1378 1862 1678 1919 vulneratus,
1708 1876 1808 1910 non
1835 1862 2038 1911 Fabium

285 1949 439 1998 prope
473 1935 683 1982 adfixum
718 1949 844 1997 equo
882 1934 1065 1993 femur,
1107 1948 1208 1981 non
1236 1933 1486 1981 brachium
1516 1932 1757 1981 abscisum
1787 1931 2039 1981 consulem

179 2010 247 2058 29
285 2020 340 2052 ex
365 2011 464 2053 tam
493 2005 687 2068 ancipiti
713 2004 895 2068 proelio
919 2003 1198 2052 summovit.
1251 2003 1483 2052 Messium
1510 2003 1720 2066 impetus
1748 2017 1833 2066 per
1859 2007 2038 2052 stratos

281 2075 424 2123 caede
451 2075 618 2123 hostes
646 2090 754 2123 cum
782 2075 925 2138 globo
952 2074 1336 2122 fortissimorum
1364 2074 1590 2122 iuvenum
1619 2073 1784 2122 extulit
1801 2073 1861 2122 ad
1883 2079 2040 2122 castra

283 2145 585 2202 Volscorum,
614 2161 732 2209 quae
759 2145 978 2193 nondum
1008 2152 1143 2208 capta
1166 2151 1314 2193 erant.
1360 2144 1535 2192 eodem
1563 2144 1723 2192 omnis
1744 2143 1868 2192 acies
1897 2143 2036 2192 incli-

283 2275 331 2322 43
366 2272 404 2320 3,
429 2273 473 2323 5,
502 2273 550 2311 10
579 2286 618 2312 u.
641 2285 702 2318 a.;
743 2273 831 2311 hier
861 2272 941 2311 wol
971 2284 1115 2321 wegen

283 2331 355 2370 des
378 2326 476 2379 folg.
489 2330 680 2382 fecerat.
730 2329 921 2378 Dagegen
946 2329 1001 2367 ist
1022 2326 1047 2379 ξ
1070 2327 1116 2366 6:

280 2388 587 2440 inpressionem
611 2386 712 2426 dare
736 2391 788 2424 st.
812 2388 923 2437 inpr.
941 2386 1115 2436 facere,

284 2443 322 2490 3,
347 2441 413 2491 62,
438 2442 482 2490 7,
520 2443 582 2481 ein
622 2442 981 2491 ungewb'hnlicher
1011 2441 1117 2479 Aus-

281 2497 427 2538 druck.
451 2521 504 2526 —
525 2502 647 2552 parte
667 2498 759 2547 alt„
790 2495 850 2536 oft
881 2498 991 2536 stelit
1021 2508 1114 2547 pars

283 2556 356 2594 mit
377 2554 506 2592 einem
530 2554 715 2594 Attribut
737 2555 773 2592 in
798 2553 970 2592 localem
989 2552 1115 2590 Sinne

283 2611 389 2650 ohne
414 2608 606 2661 Priipos„
630 2623 662 2648 s.
686 2623 719 2648 c.
743 2610 781 2658 9,
811 2609 880 2655 143
914 2608 981 2657 29,
1004 2607 1050 2645 2:
1075 2607 1114 2656 6,

283 2667 348 2717 31,
367 2664 414 2713 63
449 2666 511 2715 10,
531 2665 598 2714 31,
619 2665 665 2711 23
699 2665 764 2712 21,
784 2664 821 2714 S,
843 2664 889 2711 23
922 2664 986 2711 24,
1010 2663 1109 2714 14,1

282 2737 321 2761 u.
352 2733 390 2760 a.
423 2743 477 2749 —
506 2720 695 2760 subse‘de'a
731 2721 842 2759 steht
873 2721 947 2758 der
974 2722 1114 2773 pre'ma

279 2781 391 2819 acies
413 2783 640 2826 entgegen,
664 2790 696 2816 s.
722 2775 758 2825 2,
784 2775 850 2826 20,
875 2776 918 2822 73
951 2776 986 2821 6,
1012 2775 1048 2823 8,
1074 2776 1111 2824 4,

283 2835 410 2874 daher
445 2834 502 2872 ist
530 2837 569 2872 et
597 2846 676 2872 see.
707 2835 837 2871 aciem
867 2832 927 2871 als
960 2832 1114 2870 Erksti-

283 2903 388 2940 rung
405 2890 537 2929 davon
559 2903 609 2928 zu
629 2890 885 2936 betracliten,
905 2901 937 2927 s.
959 2890 1024 2936 21,
1044 2887 1111 2937 46,

284 2948 321 2986 6.
344 2969 399 2974 -
421 2947 512 2985 sub.
544 2945 731 2995 tumult„
764 2944 838 2993 40,
862 2943 925 2992 39,
952 2944 994 2983 7:
1022 2946 1113 2998 pri-

282 3015 375 3043 mos
395 3002 614 3042 tumultus.

340 3059 364 3097 3
381 3082 407 3086 -
425 3059 461 3097 5.
487 3058 682 3108 Messius,
705 3058 795 3096 eine
819 3057 971 3096 andere
991 3055 1112 3095 Form

282 3114 350 3154 fiir
373 3113 560 3164 Mettius,
590 3116 622 3161 l,
649 3114 720 3163 12,
744 3115 822 3152 wie
847 3112 1025 3152 Clausus
1047 3110 1113 3151 fur

286 3170 499 3216 Claudius,
525 3184 558 3209 s.
581 3170 835 3218 Hamillus,
863 3169 897 3219 1,
921 3169 958 3207 3.
981 3191 1037 3198 ——-
1057 3183 1113 3208 ex

284 3227 444 3276 Volso„
466 3227 697 3278 attributiv‚
721 3225 785 3275 29,
810 3225 872 3276 32,
902 3225 942 3264 l:
973 3225 1112 3264 Bucar·

284 3297 339 3322 ea·
367 3285 603 3337 praefectis
624 3284 777 3336 reg-e'is;
801 3282 866 3333 35,
891 3281 957 3332 32,
981 3282 1024 3320 4;
1057 3295 1112 3321 ezz·

1209 2271 1330 2311 India
1352 2270 1607 2325 elephantos.
1624 2294 1677 2299 —
1699 2273 1839 2311 orbem
1860 2269 1978 2318 volu,
2001 2284 2035 2310 c.

1208 2326 1275 2378 39,
1300 2327 1337 2366 4.
1360 2350 1415 2356 —
1436 2330 1570 2380 inquit
1597 2327 1793 2366 schliesst
1817 2327 1902 2366 sich
1927 2327 2038 2366 nicht

1210 2384 1384 2435 passend
1405 2396 1455 2421 an
1478 2386 1524 2422 ni
1543 2383 1720 2424 Vettius
1744 2389 1824 2423 ete.
1845 2395 1916 2434 an,
1937 2395 2037 2422 son-

1207 2440 1307 2478 dern
1326 2451 1415 2477 man
1435 2439 1610 2478 miisste:
1628 2441 1918 2493 increpuisset,
1936 2441 2038 2480 oder

1206 2496 1284 2533 wie
1308 2494 1346 2542 2,
1374 2494 1504 2546 lor—2³
1529 2496 1721 2547 suisset,
1749 2497 1854 2536 daun
1875 2499 2037 2536 τὶς-τή-

1206 2553 1297 2602 quit
1318 2556 1542 2590 erwarten.
1571 2573 1624 2579 —
1651 2554 1692 2591 in
1716 2554 1800 2592 otio
1823 2559 1924 2603 etc.‚
1954 2553 2039 2604 vgl.

1206 2606 1271 2653 27,
1301 2607 1364 2653 14,
1391 2607 1425 2647 1.
1454 2630 1509 2635 —
1537 2607 1663 2647 deum
1691 2608 1743 2647 al.
1774 2615 1876 2659 etc.‚
1906 2608 1974 2659 22,
1996 2611 2035 2659 5,

1207 2662 1244 2701 2.
1269 2685 1323 2691 -
1344 2665 1419 2702 hae
1449 2669 1544 2715 etc.‚
1578 2665 1613 2713 7,
1644 2663 1709 2714 33,
1745 2664 1808 2704 10.
1838 2689 1889 2695 -
1916 2678 2035 2718 quae,

1205 2719 1288 2769 vgl.
1312 2720 1349 2768 3,
1373 2718 1438 2767 38,
1462 2719 1500 2759 3.
1522 2743 1578 2750 -
1600 2720 1739 2770 telum,
1763 2734 1797 2761 3.
1820 2721 1859 2773 3,
1881 2720 1949 2773 69,
1967 2721 2005 2761 2.

1261 2801 1285 2839 6
1302 2825 1330 2829 -
1347 2800 1384 2840 8.
1438 2805 1835 2855 eaesequentemque,
1885 2801 1947 2842 als
1989 2814 2037 2841 er

1203 2857 1479 2897 auszuffihren
1516 2858 1688 2909 begann.
1725 2881 1781 2887 —
1814 2861 2038 2899 moverunt

1205 2928 1242 2952 n.
1261 2914 1418 2966 gradu,
1439 2914 1548 2965 loco,
1574 2915 1853 2965 verdriingten
1876 2915 1936 2953 sie
1958 2926 2033 2953 aus

1204 2970 1318 3008 ihrer
1346 2970 1552 3022 Stellnng.
1586 2993 1634 2998 —
1663 2974 1738 3011 uni
1755 2983 1813 3021 ιη,
1841 2968 1880 3019 2,
1907 2968 1970 3020 10,
1994 2969 2033 3009 2.

1202 3048 1258 3055 —
1287 3040 1414 3078 unus,
1444 3026 1544 3066 aber
1573 3040 1669 3076 nur,
1700 3039 1734 3066 s.
1764 3025 1803 3076 3,
1827 3025 1894 3076 56,
1916 3025 1958 3065 4.
1984 3049 2034 3054 -

1203 3083 1646 3178 υννιιειέιιεῗῇαφηεναες
1669 3095 1744 3122 zur
1759 3081 2034 3134 Schilderung

1204 3150 1254 3188 vg
1276 3170 1285 3179 .
1337 3170 1347 3187 ,
1453 3170 1462 3178 .

1260 3215 1345 3262 29.
1393 3222 1499 3263 1-3.
1547 3223 1721 3272 extulit,
1759 3223 1806 3274 3,
1837 3223 1875 3270 5,
1907 3222 1946 3263 6.
1977 3246 2033 3254 —

1192 3279 1333 3331 globo,
1356 3280 1446 3320 hier
1465 3293 1563 3320 nur:
1587 3279 1755 3331 Schaar,
1776 3292 1810 3320 3.
1833 3278 1967 3333 Marq.
1991 3279 2030 3330 3,
