2221 3537
200 289 234 312 a„
261 279 329 315 οι..
356 279 433 312 439.
780 263 938 306 mann
971 263 1040 305 iv.
1094 263 1209 306 cAr.
1240 266 1390 308 13.14.
1870 268 1965 317 173

202 396 404 449 eandam
448 400 679 460 quantum
721 393 867 442 animi
904 393 1156 443 haberent.
1216 408 1342 459 opus
1377 409 1486 443 esse
1521 409 1621 444 non
1657 395 1770 445 forti
1804 396 1964 446 solum

204 467 304 518 viro
336 465 422 516 sed
448 466 589 515 etiam
631 464 782 513 libero
818 465 1141 528 exsolutoque
1175 463 1335 529 legum
1372 465 1556 514 vinclis,
1609 467 1768 530 itaque
1804 484 1856 516 se
1891 468 1964 516 di-

203 543 436 590 ctatorem
467 536 517 585 L.
546 535 827 595 Quinctium
857 536 1126 584 dicturum:
1154 535 1218 584 ibi
1246 535 1462 584 animum
1497 551 1661 598 parem
1691 544 1848 587 tantae
1875 554 1966 602 po·

199 606 362 658 testati
405 622 529 656 esse.
597 605 981 671 adprobantibus
1021 606 1209 655 cunctis
1258 606 1418 671 primo
1464 607 1720 665 Quinctius
1757 608 1967 658 abnuere

198 684 262 735 et,
288 677 404 742 quid
431 677 523 727 sibi
550 677 736 734 vellent,
764 677 993 741 rogitare,
1029 676 1109 741 qui
1136 692 1188 725 se
1213 683 1366 725 aetate
1392 684 1553 726 exacta
1581 683 1739 726 tantae
1765 679 1965 728 dimica-

199 748 321 798 tioni
349 748 612 799 obicerent.
664 748 793 806 dein,
822 764 931 797 cum
963 747 1173 812 undique
1200 748 1308 812 plus
1338 747 1385 796 in
1413 748 1492 797 illo
1521 747 1661 796 senili
1683 748 1846 796 animo
1868 765 1966 798 non

201 818 390 870 consilii
428 819 576 870 modo
611 820 697 869 sed
732 819 876 868 etiam
904 819 1092 868 virtutis
1121 835 1229 868 esse
1257 834 1402 884 quam
1431 820 1478 868 in
1507 818 1735 868 omnibus
1763 819 1865 868 aliis
1892 820 1967 868 di-

199 896 378 948 cerent,
405 890 725 955 laudibusque
751 891 877 940 haud
907 889 1142 939 inmeritis
1171 896 1445 946 onerarent,
1475 897 1521 939 et
1547 890 1718 939 consul
1746 890 1864 939 nihil
1890 906 1966 939 re-

201 960 438 1019 mitteret,
477 969 700 1026 precatus
735 962 928 1010 tandem
964 961 1082 1010 deos
1118 962 1403 1011 inmortales
1437 961 1770 1019 CincinnatuS,
1798 976 1859 1010 ne
1884 978 1968 1010 se-

200 1038 370 1082 nectus
407 1048 494 1082 sua
528 1032 577 1081 in
612 1040 708 1082 tam
736 1033 937 1097 trepidis
965 1032 1110 1081 rebus
1138 1033 1316 1081 damno
1346 1033 1627 1081 dedecorive
1654 1033 1722 1081 rei
1751 1032 1968 1097 publicae

197 1109 343 1162 esset,
365 1103 570 1153 dictator
595 1119 619 1152 a
642 1105 839 1153 consule
861 1103 1048 1153 dicitur.
1097 1103 1202 1168 ipse
1229 1104 1403 1153 deinde
1420 1104 1470 1153 C.
1493 1103 1747 1152 Servilium
1764 1103 1963 1154 Ahalam

198 1173 484 1239 magistrum
512 1174 729 1238 equitum
758 1174 887 1223 dicit.

337 1243 546 1293 Postero
574 1244 650 1292 die
676 1244 930 1308 dispositis
953 1245 1208 1309 praesidiis
1231 1259 1342 1293 cum
1364 1244 1413 1292 in
1432 1243 1595 1292 forum
1619 1242 1966 1302 descendisset,

195 1328 527 1380 conversaque
555 1314 602 1363 in
629 1330 740 1364 eum
769 1314 902 1380 plebs
931 1315 1142 1365 novitate
1168 1314 1235 1363 rei
1262 1330 1317 1363 ac
1343 1313 1574 1362 miraculo
1594 1310 1747 1372 esset,
1775 1321 1821 1363 et
1838 1315 1966 1363 Mae-

195 1384 307 1436 liani
341 1391 485 1451 atque
511 1386 617 1451 ipse
643 1385 738 1435 dux
767 1402 938 1436 eorum
966 1387 1014 1435 in
1041 1402 1093 1435 se
1119 1386 1351 1435 intentam
1379 1385 1474 1433 vim
1496 1384 1615 1433 tanti
1643 1384 1832 1449 imperii
1860 1401 1966 1434 cer-

197 1463 395 1515 nerent,
434 1464 656 1521 expertes
692 1457 1010 1507 consiliorum
1046 1458 1205 1521 regni,
1242 1456 1323 1521 qui
1348 1455 1602 1514 tumultuS,
1630 1455 1762 1520 quod
1790 1455 1964 1506 bellum

196 1541 372 1592 repens
407 1534 489 1578 aut
520 1528 827 1578 dictatoriam
863 1529 1164 1578 maiestatem
1202 1534 1285 1577 aut
1311 1527 1591 1586 Quinctium
1625 1533 1742 1591 post
1768 1534 1966 1592 octoge-

194 1597 375 1649 simum
402 1614 582 1648 annum
610 1607 848 1649 rectorem
875 1600 946 1649 rei
974 1599 1191 1664 publicae
1217 1597 1505 1663 quaesisset,
1533 1598 1814 1661 rogitarent,
1843 1599 1964 1648 mis-

195 1683 279 1719 sus
315 1668 374 1719 ab
410 1670 641 1719 dictatore
677 1671 906 1720 Servilius
941 1671 1173 1735 magister
1206 1670 1425 1734 equitum
1453 1669 1511 1718 ad
1540 1668 1760 1718 Maelium
1792 1677 1965 1727 „vocat

194 1746 274 1789 te“
312 1739 473 1804 inquit
508 1741 802 1798 „dictator“.
849 1757 959 1791 cum
996 1741 1198 1806 pavidus
1234 1740 1335 1797 ille,
1364 1740 1476 1803 quid
1515 1740 1671 1797 vellet,
1704 1749 1967 1804 quaereret,

193 1810 522 1876 Serviliusque
553 1827 746 1862 causam
775 1812 1030 1862 dicendam
1057 1828 1165 1862 esse
1191 1817 1490 1876 proponeret
1516 1811 1799 1874 crimenque
1825 1828 1850 1861 a
1876 1812 1966 1861 Mi·

1128 1959 1256 1991 nannt
1273 1953 1332 1991 sei
1350 1951 1572 1992 seditionis
1589 1952 1800 1992 sedandae
1821 1964 1967 2002 causa,

193 1964 272 1991 zur
301 1952 484 2002 Λυκίῃ
512 1951 673 2003 bringt’
707 1954 748 2000 ¹¹
786 1952 856 2004 ¹6,
887 1954 933 1992 5:
967 1952 1035 2003 22⁷
1128 2010 1230 2060 liegt
1260 2010 1383 2048 ihnen
1421 2021 1527 2060 ganz
1564 2007 1653 2049 seru
1701 2033 1753 2038 —
1784 2011 1939 2049 malost

1660 2042 1670 2050 .
1941 2041 1967 2060 ·‚

194 2008 270 2059 55,
302 2008 341 2048 7.
365 2030 419 2038 —-
439 2008 570 2049 libero
607 2014 709 2058 etc„
747 2009 1037 2060 Bezeichnung

193 2065 268 2104 des
307 2063 577 2116 magistrates
615 2067 720 2105 ohne
757 2065 1033 2106 Provocation

192 2120 746 2170 undVerantwortlichkeit,
769 2123 818 2162 da
841 2123 1035 2163 derselbe

192 2178 295 2218 iiber
321 2179 411 2218 dem
444 2178 627 2219 Gesetze
657 2180 792 2230 steht;
830 2181 930 2219 nach
962 2181 1037 2220 der

191 2234 365 2275 Ausicht
393 2235 469 2275 der
489 2235 694 2275 Patricier
722 2237 823 2276 oder
845 2238 920 2276 der
949 2239 1035 2277 An-

193 2291 387 2341 nnlisten,
409 2304 444 2332 a.
468 2305 502 2332 c.
530 2292 593 2340 14,
617 2293 655 2341 5,
677 2292 763 2342 galt
784 2293 858 2334 das
878 2292 1034 2334 Gesetz

192 2347 241 2399 3,
272 2348 347 2399 55,
376 2349 400 2387 5
424 2349 537 2388 nicht
557 2347 625 2388 fiir
654 2349 730 2388 den
758 2349 971 2401 Dictator,
1000 2363 1034 2390 s.

191 2404 333 2457 Lange
356 2404 396 2455 2,
417 2404 522 2454 474;
547 2405 706 2446 Becker
729 2406 765 2455 2,
791 2406 830 2456 2,
853 2406 950 2446 285.

253 2460 302 2502 12
324 2485 353 2491 -
378 2461 441 2502 13.
482 2464 559 2510 ibi,
590 2475 621 2502 s.
648 2462 690 2513 l,
723 2463 797 2514 49,
820 2465 858 2504 5.
879 2486 934 2493 —
955 2463 1033 2503 ad-

189 2519 468 2572 probantibus
496 2533 530 2560 ο.
553 2525 658 2569 etc„
688 2520 937 2572 Andeutung
958 2521 1032 2560 des

191 2574 612 2615 Senntsbeschlusses
649 2576 753 2616 iiber
787 2579 886 2628 den,
928 2578 1032 2617 wel-

193 2631 294 2671 cher
326 2632 510 2682 gewiihtt
537 2633 706 2673 werden
737 2634 833 2675 soll.
862 2657 919 2663 —
948 2639 1034 2675 tre-

191 2686 303 2743 pidis
325 2689 435 2739 reb,
465 2701 500 2728 c.
528 2688 599 2738 17,
628 2688 676 2736 83
705 2702 741 2729 c.
764 2690 838 2740 46,
869 2690 892 2730 8
923 2705 963 2731 u.
993 2704 1030 2732 a.

192 2766 248 2774 —
268 2743 443 2794 dicitur,
473 2745 511 2784 in
543 2745 618 2785 der
645 2743 862 2796 folgenden
886 2747 1032 2799 Nacht,

193 2800 377 2852 s.c.2l,
408 2801 472 2841 10.

252 2832 509 2899 14.1-·2
547 2861 718 2912 postero
739 2858 802 2909 d.,
831 2872 866 2899 s.
888 2859 936 2911 3,
966 2860 1034 2913 27,

193 2914 241 2962 23
277 2915 373 2955 dass
403 2914 479 2954 der
503 2914 692 2955 Dictator
718 2915 790 2955 das
813 2913 1032 2969 Imperium

191 2970 349 3012 bere-its
371 2971 460 3021 hat,
493 2973 605 3022 zeigt
634 2985 668 3012 c.
703 2972 772 3024 15,
802 2971 847 3012 2.
876 2973 936 3013 ad
961 2986 1030 3013 co·

186 3028 509 3081 gnoscendmn,
559 3028 608 3068 da
649 3041 696 3068 er
736 3030 841 3068 ohne
892 3030 1031 3071 dieses

193 3085 306 3125 nicht
334 3086 449 3125 hiitte
473 3084 646 3126 Gericht
676 3085 814 3125 hatten
851 3085 1032 3138 konnen,

193 3153 242 3181 er
263 3142 334 3182 hat
353 3142 444 3182 also
476 3142 660 3193 sogleich
684 3143 785 3182 nach
808 3143 883 3182 der
905 3142 1030 3183 wahl

192 3196 260 3237 dio
283 3197 351 3238 lex
374 3199 548 3247 curiata,
571 3211 603 3238 s.
628 3200 673 3248 9,
705 3198 779 3248 38,
814 3199 883 3252 15,
907 3199 1031 3240 bean·

192 3258 318 3306 tragt.
337 3277 392 3284 —
408 3255 594 3307 tumult„
616 3255 781 3295 erkla‘rt
801 3255 928 3296 durch
950 3256 1033 3297 bol·

192 3309 278 3351 lum
306 3324 480 3366 νσροηες
516 3312 614 3352 dass
643 3313 719 3353 der
742 3311 930 3353 Dictator
964 3326 1032 3354 er-

1127 2067 1193 2105 die
1217 2067 1387 2105 ho'chste
1404 2065 1599 2115 Stellung
1620 2067 1672 2106 im
1689 2066 1850 2107 Stante.
1893 2066 1968 2106 Die

1127 2121 1478 2173 Verwnnderung
1500 2123 1614 2162 hiitte
1637 2136 1701 2163 uin
1725 2136 1771 2163 so
1793 2126 1969 2174 grosser

1127 2180 1214 2219 sein
1240 2179 1420 2225 miissen,
1444 2180 1494 2218 da
1518 2181 1599 2219 seit
1622 2179 1675 2219 20
1695 2180 1847 2219 Jahn-en
1870 2179 1966 2219 kein

1128 2235 1319 2275 Dictator
1340 2241 1516 2275 ernannt
1546 2248 1648 2275 war.
1669 2259 1726 2280 —‚
1746 2240 1966 2289 quaesiss„

1127 2305 1172 2332 so
1215 2293 1319 2332 wird
1366 2292 1581 2332 bisweilen
1632 2306 1838 2345 quaerere
1886 2306 1966 2332 von

1125 2349 1286 2388 Sachen
1311 2349 1390 2388 wie
1418 2351 1633 2402 requirere
1653 2349 1901 2400 gebraucht,
1932 2362 1967 2390 s.

1126 2404 1211 2446 Cic.
1235 2405 1359 2446 verr.
1383 2405 1421 2456 2,
1457 2406 1492 2456 1,
1527 2406 1590 2455 10,
1614 2405 1688 2453 29ς
1712 2406 1815 2446 Sall.
1839 2405 1868 2446 l.
1891 2405 1964 2446 95:

1123 2462 1241 2502 collis
1269 2486 1297 2491 —
1322 2475 1459 2517 pauca
1488 2465 1752 2503 munimenta
1787 2476 1964 2516 quaere-

1124 2520 1207 2559 bat.

1181 2576 1221 2616 3.
1263 2580 1384 2617 vocat
1405 2580 1456 2628 te,
1488 2575 1650 2616 fordert
1671 2576 1761 2615 dich
1784 2589 1862 2615 vor
1883 2576 1966 2616 Ge·

1125 2633 1246 2672 richt.
1307 2633 1419 2673 Nach
1461 2633 1552 2672 dem
1603 2634 1963 2684 gesetzmiissigen

1127 2688 1358 2730 Versahren
1402 2690 1515 2729 hiitte
1552 2689 1728 2729 Maelius
1770 2702 1847 2730 vor
1887 2691 1963 2729 den

1125 2746 1352 2787 Centurien
1388 2746 1616 2797 angeklagt
1651 2747 1821 2786 werden
1854 2747 1963 2786 miis-

1125 2816 1225 2852 sen3
1248 2803 1374 2844 allein
1397 2804 1473 2844 der
1490 2803 1680 2843 Dictator
1703 2804 1756 2843 ist
1777 2816 1826 2842 an
1851 2804 1963 2843 diest·

1124 2860 1249 2901 Form
1273 2861 1384 2901 nicht
1406 2860 1646 2913 gemunden,
1670 2860 1715 2906 3,
1738 2859 1816 2909 29,
1846 2860 1891 2909 6,
1917 2872 1964 2898 er

1124 2918 1286 2958 scheint
1308 2930 1434 2968 sogor
1448 2918 1551 2956 ohne
1575 2915 1810 2964 consilium,
1839 2916 1874 2964 1,
1896 2916 1962 2968 «19,

1123 2975 1172 3024 4,
1200 2975 1407 3026 gerichtet
1435 2987 1486 3013 zu
1509 2974 1658 3024 haben,
1687 2986 1720 3012 s.
1746 2971 1899 3012 zonat.
1925 2973 1962 3021 7,

1127 3031 1198 3071 13.
1236 3029 1442 3080 δικάζειν
1476 3027 1526 3070 δὲ
1556 3031 1629 3069 καὶ
1667 3025 1965 3070 ιὶποκῐείιειν

1123 3087 1213 3129 καὶ
1238 3090 1385 3128 οἴκοι
1411 3087 1483 3127 καὶ
1504 3084 1552 3127 ἐν
1570 3089 1830 3150 στρατείαις
1851 3082 1964 3137 ἠδύ-

1122 3157 1235 3186 νατο
1272 3143 1313 3193 (ὁ
1351 3139 1615 3207 δικτάτωρ),
1657 3143 1730 3182 καὶ
1769 3137 1822 3181 οὐ
1858 3138 1963 3187 τοὺς

1124 3201 1205 3240 τοῦ
1247 3196 1400 3256 δήμου
1437 3195 1614 3254 μόνως
1648 3195 1763 3238 ἀλλὰ
1799 3198 1870 3238 καὶ
1913 3197 1962 3239 ἐκ

1122 3258 1215 3298 τῶν
1237 3258 1423 3298 ἱππέων
1439 3256 1511 3295 καὶ
1537 3254 1583 3302 ἐξ
1604 3252 1741 3308 αὐτῆς
1761 3254 1838 3306 τῆς
1855 3258 1961 3307 βου

1124 3314 1220 3364 λῆς-ς
1247 3314 1328 3365 vgl
1354 3313 1435 3352 Cic.
1463 3312 1550 3362 Lis.
1582 3312 1615 3351 1.

2007 478 2054 518 12

2009 763 2056 802 13

2009 975 2057 1015 14

2007 1251 2071 1300 14
