2221 3537
291 496 338 535 13

289 631 339 671 14

288 844 338 885 15

2129 0 2201 77 Α

1960 100 1983 113 ,A

375 223 475 270 272
974 217 1130 259 LIBER
1151 219 1202 260 V.
1264 219 1381 260 CAP.
1414 218 1454 260 6.
1477 219 1517 259 7.
1919 239 1952 263 a.
1977 241 2014 264 u.
2038 232 2118 264 351.

374 347 567 396 hercule
593 346 720 410 apud
746 345 901 394 hostis
926 352 1055 395 tanta
1082 346 1319 394 modestia
1347 352 1435 404 est,
1461 351 1633 394 utnon
1654 344 1923 394 obsidionis
1942 347 2118 406 taedio,

374 432 474 465 non
509 417 712 479 denique
738 417 873 478 regni
900 416 1152 480 quicquam
1181 417 1307 479 apud
1334 432 1418 464 eos
1445 422 1672 464 novatum
1700 415 1786 472 sit,
1822 422 2119 480 non-negata

377 487 546 536 auxilia
573 487 630 534 ab
652 487 867 534 Etruscis
894 487 1192 535 inritaverint
1217 486 1428 534 animos:
1463 485 1698 534 morietur
1723 485 1848 533 enim
1878 487 2119 551 extemplo

377 557 666 620 quicumque
702 557 790 604 erit
815 557 1063 605 seditionis
1091 563 1280 614 auctor,
1314 571 1404 604 nec
1431 555 1651 619 cuiquam
1680 555 1836 604 dicere
1864 571 1918 604 ea
1943 556 2119 615 licebit,

376 643 495 691 quae
531 628 659 690 apud
695 643 779 675 vos
815 627 995 689 inpune
1021 627 1260 675 dicuntur.
1309 626 1599 674 fustuarium
1627 632 1850 685 meretur,
1877 626 1957 690 qui
1984 626 2122 690 signa

375 697 606 760 relinquit
631 705 711 746 aut
738 697 977 760 praesidio
1007 697 1213 755 decedit3
1242 704 1463 744 auctores
1491 696 1627 759 signa
1652 695 1952 758 relinquendi
1970 703 2017 745 et
2036 697 2120 744 de-

376 768 565 816 serendi
600 775 755 815 castra
789 781 888 814 non
923 767 1006 814 uni
1034 773 1113 814 aut
1139 766 1270 814 alteri
1298 766 1434 814 militi
1463 766 1545 813 sed
1571 765 1809 812 universis
1835 765 2120 814 exercitibus

375 838 531 901 palam
567 837 614 884 in
654 836 879 885 contione
915 836 1195 884 audiuntur:
1230 836 1346 884 adeo
1383 835 1613 898 quidquid
1645 834 1869 883 tribunus
1896 834 2022 898 plebi
2046 835 2120 884 lo-

375 908 560 970 quitur,
590 913 636 954 et
662 907 701 953 si
728 907 1005 969 prodendae
1032 906 1213 968 patriae
1242 905 1671 968 dissolvendaeque
1695 905 1762 953 rei
1789 905 2010 969 publicae
2034 911 2122 965 est,

373 977 612 1024 adsuestis
640 976 775 1038 aequi
802 975 981 1033 audire,
1009 981 1055 1022 et
1075 975 1323 1023 dulcedine
1342 974 1595 1039 potestatis
1618 974 1720 1024 eius
1743 975 1866 1037 capti
1888 975 2124 1039 quaelibet

373 1046 462 1094 sub
490 1061 544 1093 ea
572 1046 748 1094 scelera
770 1046 911 1093 latere
931 1045 1105 1093 sinitis.
1151 1045 1387 1108 reliquum
1408 1051 1498 1102 est,
1527 1051 1592 1103 ut,
1619 1060 1738 1108 quae
1758 1045 1836 1093 hic
1856 1045 2121 1094 vociferan-

373 1122 467 1176 tur,
494 1115 657 1163 eadem
686 1116 734 1163 in
762 1116 929 1164 castris
957 1121 1003 1164 et
1028 1115 1153 1178 apud
1181 1116 1355 1164 milites
1382 1120 1524 1178 agant
1549 1121 1595 1163 et
1623 1114 1860 1164 exercitus
1888 1130 2121 1164 conrum-
2147 1113 2157 1123 ‘

375 1192 491 1249 pant
524 1185 819 1248 ducibusque
846 1201 1013 1250 parere
1040 1200 1140 1233 non
1168 1186 1429 1248 patiantur,
1465 1185 1692 1248 quoniam
1720 1201 1771 1234 ea
1798 1185 2123 1234 demumRo-

373 1271 481 1304 mae
520 1255 712 1303 libertas
747 1263 841 1313 est,
881 1271 979 1304 non
1017 1262 1237 1303 senatum
1263 1270 1363 1303 non
1391 1255 1715 1318 magistratus,
1743 1269 1843 1304 non
1869 1255 1996 1319 leges
2022 1269 2123 1304 non

374 1341 536 1373 mores
572 1326 833 1383 maiorum,
878 1341 978 1373 non
1017 1325 1233 1374 instituta
1267 1332 1461 1389 patrum
1497 1340 1596 1373 non
1632 1325 1934 1389 disciplinam
1968 1325 2122 1374 vereri

373 1396 618 1444 militiae.‘⁴

516 1465 607 1512 Par
641 1465 732 1513 iam
769 1465 911 1512 etiam
947 1465 994 1512 in
1031 1464 1339 1513 contionibus
1375 1470 1476 1513 erat
1501 1465 1686 1528 Appius
1718 1464 1927 1512 tribunis
1954 1464 2124 1529 plebis,

374 1550 484 1582 cum
512 1534 698 1592 subitO,
724 1535 852 1582 unde
880 1534 1077 1582 minime
1105 1535 1211 1598 quis
1240 1535 1475 1593 crederet,
1505 1541 1697 1598 accepta
1723 1534 1967 1583 calamitas
1994 1535 2123 1599 apud

374 1605 514 1653 Veios
552 1611 597 1652 et
632 1605 934 1668 superiorem
962 1606 1171 1668 Appium
1209 1604 1259 1652 in
1293 1620 1436 1654 causa
1470 1610 1517 1653 et
1549 1605 1859 1653 concordiam
1895 1604 2122 1654 ordinum

2193 240 2195 245 ⁴
2188 126 2204 212 *‚⁶v‚

375 1785 425 1810 zu
447 1771 513 1820 42,
537 1772 574 1818 5,
600 1772 637 1810 7.
656 1771 947 1822 —vnodestim
970 1773 1020 1811 im
1041 1771 1204 1823 Gegen-
1291 1770 1539 1823 ,‚unth{itig“
1578 1765 1780 1812 bedeu'ten
1811 1772 1974 1822 wiirde,
2011 1784 2046 1813 s.
2083 1771 2122 1825 3,

374 1833 491 1867 satze
515 1841 565 1866 zu
588 1827 824 1880 seditiones,
852 1829 1202 1879 gesetzmiissiges
1296 1828 1362 1876 22,
1386 1829 1432 1877 ὃς
1458 1829 1496 1876 7,
1518 1827 1584 1879 26,
1610 1828 1645 1869 1.

373 1884 539 1933 rubiges
571 1883 812 1925 Vei-hatten.
834 1907 889 1912 —
917 1898 998 1923 non
1021 1908 1048 1912 -
1068 1887 1203 1934 regni,
1356 1884 1420 1923 17.
1457 1897 1505 1923 ea
1526 1883 1714 1934 demvm,
1742 1897 1776 1924 S.
1800 1883 1968 1923 Einleit.
1989 1883 2032 1924 S.
2055 1883 2123 1924 22.

373 1953 453 1978 von
486 1941 561 1978 den
593 1940 761 1990 iibrigen
788 1940 1017 1979 Etruskern
1048 1933 1203 1980 aufdie
1296 1963 1348 1967 ——
1367 1940 1495 1990 leges,
1513 1939 1549 1991 2,
1575 1940 1607 1991 1,
1633 1940 1904 1989 1.—mores,
1923 1939 2123 1980 s.Festus

374 1995 578 2045 Vejenter
602 1996 920 2046 iibergetragen.
943 2019 999 2024 —
1019 2010 1101 2035 72on
1133 1996 1205 2036 de-
1296 2009 1332 2048 p.
1360 1996 1456 2034 157:
1478 2009 1571 2035 mos
1590 1999 1654 2035 est
1669 1998 1908 2036 institutum
1921 1997 2123 2050 patrium,

373 2054 506 2103 nique,
526 2051 584 2102 ja,
609 2052 739 2090 selbst
764 2053 885 2100 nicht,
910 2052 947 2103 4,
971 2052 1037 2101 56,
1065 2053 1128 2091 ll.
1151 2075 1206 2081 ——

373 2107 512 2147 sediti.
533 2111 656 2156 auct„
681 2121 712 2146 c..
740 2109 774 2156 1,
801 2109 837 2146 7.

436 2163 485 2201 14
503 2186 529 2191 -—
552 2165 613 2202 15.
643 2165 943 2216 fustuarium,
968 2176 1086 2203 wenn
1110 2164 1204 2203 Sol-

375 2220 496 2258 daten
519 2220 773 2259 desertirten
799 2221 900 2258 oder
921 2221 1033 2258 ihren
1054 2220 1204 2260 Posten

374 2276 627 2323 verliessen,
659 2278 829 2315 wurden
860 2277 933 2324 sie,
965 2277 1066 2315 nach
1094 2278 1206 2315 ihrer

374 2331 712 2381 Verurtheilung,
736 2346 813 2371 von
839 2333 914 2371 den
939 2332 1110 2382 iibrigen
1135 2334 1207 2372 mit

376 2387 557 2426 Stiicken
588 2388 834 2439 geschlagen
873 2390 952 2427 und
975 2390 1047 2427 mit
1069 2388 1206 2428 Stein-

376 2441 533 2481 wiirfen
558 2442 756 2495 verfolgt,
795 2457 839 2482 so
871 2445 966 2483 dass
995 2445 1054 2483 sie
1085 2446 1207 2484 meist

376 2497 449 2537 auf
479 2499 567 2537 dem
593 2499 734 2538 Platze
772 2500 952 2542 blieben:
993 2513 1109 2538 wenn
1143 2500 1204 2538 sie

375 2554 446 2592 das
459 2553 594 2592 Leben
615 2561 812 2604 retteten,
836 2554 999 2594 durften
1019 2557 1078 2594 sie
1098 2557 1207 2594 nicht

375 2611 414 2649 in
438 2610 510 2647 das
524 2610 749 2648 Vaterland
771 2612 1098 2658 zuriickkehren,
1122 2612 1206 2661 vgl.

376 2665 415 2714 2,
439 2665 681 2717 5939013-1).
707 2666 744 2714 (3,
771 2666 845 2704 38:
871 2667 952 2705 Cic,
978 2666 1081 2705 Phil.
1106 2666 1144 2715 3,
1167 2666 1205 2715 6,

381 2721 442 2760 14.
462 2744 516 2749 -
532 2726 744 2773 auctores,
767 2723 1054 2760 adversatives
1068 2723 1205 2774 Asyn-

377 2778 523 2823 deton3
548 2778 619 2816 das
640 2778 821 2827 logische
835 2778 1097 2817 Verhiiltniss
1122 2779 1208 2816 bei-

377 2833 450 2872 der
473 2833 597 2872 S‘cstze
621 2834 696 2872 ist:
735 2834 929 2872 xx'zihrend
954 2835 1016 2872 die
1040 2835 1156 2872 einen
1181 2857 1207 2861 —

376 2890 542 2927 werden
575 2890 640 2928 die
670 2891 849 2928 anderen
882 2903 918 2928 u.
944 2903 974 2928 s.
1000 2903 1070 2936 w.,
1107 2890 1207 2928 aber

378 2945 480 2983 ohne
505 2946 762 2984 rhetorische
787 2945 922 2995 Form,
945 2958 976 2984 s.
1001 2946 1023 2984 4
1041 2976 1051 2997 ,
1071 2945 1116 2993 3,
1145 2946 1204 2984 15.

376 3024 426 3028 —
451 3001 691 3054 prodendae
713 3008 805 3050 etc„
830 3015 861 3040 s.
885 3015 919 3041 c.
943 3000 977 3052 3,
1003 3003 1038 3040 5.
1062 3024 1116 3029 -—
1138 3016 1208 3040 ae-

377 3059 449 3108 qui
483 3059 560 3096 wie
590 3072 722 3110 aequo
751 3061 912 3104 animo,
951 3058 1033 3105 vgl.
1066 3061 1207 3110 aequis

376 3115 550 3151 auribus
579 3114 652 3164 22,
681 3116 754 3162 25,
791 3114 862 3153 12:
889 3113 932 3164 2,
956 3115 1030 3164 ot,
1060 3115 1104 3152 9:
1136 3115 1208 3152 init

379 3167 766 3219 Gleichgiiltigkeit:
800 3171 863 3209 ihr
884 3171 968 3209 seid
994 3167 1206 3209 zul'rieden

379 3224 523 3263 damit:
563 3227 727 3265 Andere
772 3227 886 3266 lesen
930 3228 1078 3279 quieti,
1121 3239 1205 3265 was

1295 2051 1339 2091 id
1360 2055 1424 2091 est
1443 2055 1649 2092 memoria
1669 2056 1856 2092 veterum
1869 2083 1880 2102 ,
1905 2054 2124 2105 pertinens

1295 2110 1483 2147 maa-ime
1502 2108 1559 2148 ad
1573 2107 1798 2161 religiones
1819 2109 2125 2148 caeremonias-

1297 2178 1374 2216 que
1394 2167 1685 2216 antiquorum,
1709 2164 1939 2216 iiberhaupt
1960 2177 2036 2203 nur
2054 2161 2128 2204 auf

1296 2220 1565 2259 Traditionen
1592 2221 1826 2260 beruhende
1848 2219 2021 2260 Rechts·
2041 2220 2123 2259 und

1295 2275 1796 2326 Lebenseinrichtungen,
1818 2289 1851 2315 s.
1875 2275 1950 2324 24,
1979 2273 2025 2325 3,
2051 2275 2121 2314 12:

1296 2332 1455 2373 alienos
1477 2335 1610 2380 ritus,
1639 2345 1780 2372 mores
1801 2331 2016 2383 legesqu33
2053 2330 2122 2381 26,

1298 2387 1343 2436 3,
1366 2388 1408 2426 8:
1439 2388 1550 2440 quod
1578 2389 1617 2426 ei
1642 2400 1760 2427 more
1790 2387 1906 2435 (auch
1937 2399 1973 2426 a.
1995 2399 2033 2426 u.
2059 2386 2121 2427 St.

1297 2444 1396 2481 wird
1428 2456 1588 2483 morem
1615 2443 1761 2493 verm.)
1789 2445 2001 2482 maiorum
2025 2456 2122 2498 per-

1297 2501 1475 2538 missum
1528 2503 1666 2550 esset,
1726 2513 1801 2538 seu
1844 2499 2006 2550 legibus
2047 2512 2124 2540 seu

1296 2556 1485 2594 moribus
1508 2569 1546 2593 u.
1571 2568 1608 2594 a.
1628 2578 1679 2584 —
1700 2558 1909 2605 instituta,
1931 2553 1970 2604 3,
1992 2553 2060 2605 31,
2082 2555 2121 2596 8.

1352 2604 1402 2651 ’7.
1450 2609 1706 2661 Einffihrung
1727 2612 1800 2650 des
1822 2610 2123 2651 Reitersoldes.

1357 2666 1463 2705 1—4.
1506 2681 1585 2719 ραι·
1606 2669 1692 2706 iam
1713 2668 1750 2706 in
1776 2667 1913 2717 Rezug
1933 2664 2060 2707 aufe.
2084 2665 2126 2718 3,

1302 2723 1335 2761 1.
1353 2745 1408 2750 —
1426 2723 1690 2763 unde-cred.
1714 2723 1878 2762 bezieht
1902 2722 1988 2762 sich
2013 2723 2124 2763 nicht

1296 2776 1369 2816 auf
1387 2780 1462 2817 den
1487 2779 1644 2818 localen
1670 2779 1826 2830 Begriff
1843 2777 1958 2833 apud
1975 2777 2123 2829 Veios,

1297 2835 1473 2873 sondern
1493 2835 1652 2874 enth'a'lt
1668 2837 1772 2874 ohne
1794 2841 1964 2885 strenge
1989 2847 2125 2885 grom-

1297 2891 1494 2929 matis-che
1530 2890 1799 2941 Verbindung
1837 2891 1915 2930 den
1957 2889 2123 2930 Gedan-

1298 2947 1388 2985 ken:
1413 2948 1507 2985 dass
1531 2947 1567 2985 in
1584 2946 1712 2997 Folge
1730 2948 1843 2986 eines
1862 2945 2122 2995 Ungliieks

1297 3004 1449 3051 gerade
1468 3004 1539 3042 das
1557 3004 1813 3053 eingetreteu
1831 3002 1906 3052 sei,
1928 3013 2014 3041 was
2032 3014 2121 3041 man

1296 3072 1358 3097 ain
1391 3059 1616 3108 wenigsten
1647 3059 1748 3098 habe
1778 3063 1985 3098 erwarten
2021 3055 2122 3097 kein-

1299 3129 1397 3161 nen,
1430 3115 1512 3165 vgl.
1535 3114 1609 3166 22,
1639 3114 1713 3164 24,
1741 3114 1784 3153 4:
1813 3113 1926 3166 quod
1950 3115 2124 3154 minime

1298 3173 1390 3223 quis
1427 3170 1628 3210 erederet.
1657 3194 1711 3199 —
1741 3172 1946 3224 Appium,
1983 3170 2123 3209 dieser

1298 3227 1401 3266 wird
1423 3227 1474 3266 im
1497 3226 1615 3277 Folg.
1638 3226 1751 3266 nicht
1778 3226 1987 3278 erwiihnt,
2021 3225 2122 3266 aber
