2221 3537
769 224 927 266 LIBER
950 225 1020 266 lv.
1075 225 1193 267 CAP.
1224 228 1286 268 17.
1315 228 1379 268 18.
1851 233 1951 281 179

183 248 215 272 ι.
243 239 310 274 ch.
336 240 414 272 438.
434 240 511 272 437.

181 371 345 407 rerum
372 356 531 421 quieta
557 353 694 419 plebe
720 353 1029 418 tribunisque
1053 354 1156 403 eius
1178 354 1296 403 nihil
1319 357 1680 406 controversiae
1700 357 1804 414 fuit,
1833 359 1950 423 quin

185 427 410 477 consules
439 431 721 475 crearentur
747 425 809 474 Μ.
837 424 1079 487 Geganius
1101 424 1372 473 Macerinus
1396 426 1588 474 tertium
1611 435 1657 476 et
1677 428 1727 477 1..
1750 429 1949 492 Sergius

176 497 407 548 Fidenas:
433 512 458 545 a
484 495 608 545 bello
635 495 797 552 credo,
826 495 954 559 quod
977 495 1149 544 deinde
1168 495 1333 558 gessit,
1363 496 1671 559 appellatum.
1718 499 1796 548 hic
1815 500 1944 549 enim

177 568 366 632 primus
402 567 470 616 cis
497 566 730 615 Anienem
771 581 882 615 cum
918 581 1031 630 rege
1059 566 1326 615 Veientium
1364 567 1579 614 secundo
1608 570 1795 631 proelio
1824 586 1944 620 con-

174 636 320 696 flixit,
347 651 437 686 nec
464 636 764 686 incruentam
794 637 1043 686 victoriam
1072 637 1252 686 retulit.
1305 637 1463 685 maior
1489 637 1650 700 itaque
1677 655 1731 687 ex
1765 641 1948 690 civibus

172 706 368 758 amissis
396 707 539 757 dolor
566 723 712 772 quam
740 707 916 756 laetitia
938 708 1062 756 fusis
1090 707 1314 756 hostibus
1343 708 1457 765 fuit,
1486 714 1533 756 et
1561 716 1787 766 senatus,
1819 719 1870 759 ut
1896 713 1944 760 in

172 778 378 844 trepidis
415 778 584 836 rebus,
625 779 908 828 dictatorem
945 778 1037 827 dici
1066 779 1361 828 Mamercum
1390 778 1646 827 Aemilium
1686 779 1841 828 iussit.
1903 782 1943 830 is

171 849 462 913 magistrum
490 850 705 914 equiturn
743 865 797 898 ex
829 849 1028 912 collegio
1057 850 1237 914 prioris
1275 849 1412 907 anni,
1441 864 1536 913 quo
1574 850 1720 898 simul
1758 850 1942 900 tribuni

171 920 378 969 militum
409 920 655 970 consulari
683 927 924 984 potestate
951 921 1157 977 fuerant,
1187 921 1237 969 L.
1268 921 1550 979 Quinctium
1579 920 1939 981 Cincinnatum,

173 991 372 1055 dignum
410 998 612 1055 parente
640 993 886 1049 iuvenem,
913 991 1045 1040 dixit.
1097 993 1154 1041 ad
1185 992 1409 1041 dilectum
1433 1007 1456 1040 a
1487 991 1771 1040 consulibus
1800 992 1939 1042 habi-

168 1067 272 1111 tum
302 1063 611 1111 centuriones
633 1069 816 1112 veteres
838 1062 947 1111 belli
969 1062 1108 1126 periti
1131 1062 1298 1112 adiecti
1322 1070 1369 1111 et
1389 1077 1623 1111 numerus
1645 1063 1941 1113 amissorum

168 1135 390 1196 proxima
428 1149 589 1197 pugna
627 1133 859 1197 expletus,
921 1133 1107 1196 legatos
1135 1133 1416 1192 Quinctium
1446 1132 1770 1196 Capitolinum
1807 1143 1853 1183 et
1878 1135 1939 1183 M.

165 1202 368 1252 Fabium
398 1204 683 1253 Vibulanum
713 1204 848 1268 sequi
876 1219 928 1252 se
955 1204 1162 1252 dictator
1188 1203 1346 1252 iussit.
1399 1219 1507 1252 cum
1536 1210 1753 1267 potestas
1781 1206 1941 1254 maior

164 1280 270 1322 tum
295 1273 367 1322 vir
391 1289 585 1339 quoque
611 1274 839 1338 potestati
866 1289 952 1338 par
979 1274 1148 1322 hostes
1176 1290 1232 1322 ex
1254 1289 1367 1337 agro
1392 1273 1613 1322 Romano
1636 1281 1772 1323 trans
1794 1275 1938 1324 Anie-

163 1357 276 1393 nem
324 1344 638 1404 submovere3
675 1345 918 1409 collesque
952 1344 1076 1393 inter
1109 1344 1314 1393 Fidenas
1348 1351 1490 1408 atque
1523 1344 1757 1393 Anienem
1793 1361 1937 1410 cepe-

162 1421 278 1465 runt
312 1415 579 1465 referentes
617 1422 795 1475 castra,
831 1430 921 1465 nec
947 1423 1058 1465 ante
1097 1416 1147 1464 in
1175 1431 1375 1480 campos
1404 1414 1622 1479 degressi
1649 1423 1765 1465 sunt
1791 1431 1935 1480 quam

163 1485 378 1549 legiones
409 1487 582 1536 auxilio
614 1487 918 1536 Faliscorum
950 1494 1197 1536 venerunt.
1247 1492 1351 1536 tum
1380 1486 1579 1535 demum
1608 1494 1763 1535 castra
1790 1487 1937 1536 Etru-

164 1572 362 1606 scorum
390 1573 481 1622 pro
510 1558 771 1607 moenibus
799 1558 1094 1607 Fidenarum
1133 1557 1310 1621 posita.
1369 1564 1416 1606 et
1450 1557 1657 1606 dictator
1682 1557 1936 1608 Romanus

162 1628 291 1677 haud
312 1629 484 1692 procul
511 1629 621 1678 inde
642 1629 700 1678 ad
722 1630 1011 1678 confluentis
1035 1628 1256 1677 consedit
1277 1628 1324 1676 in
1346 1627 1599 1692 utriusque
1619 1628 1739 1691 ripis
1760 1629 1936 1688 amniS,

163 1714 255 1763 qua
292 1699 428 1763 sequi
457 1700 763 1749 munimento
792 1706 1010 1763 poterat,
1048 1699 1168 1748 vallo
1197 1699 1505 1763 interposito,
1555 1706 1755 1762 postero
1785 1699 1860 1748 die
1887 1699 1936 1748 in

160 1769 310 1819 aciem
340 1769 516 1819 eduxit.

302 1840 434 1890 Inter
473 1841 640 1891 hostes
683 1840 842 1890 variae
879 1840 1015 1890 fuere
1053 1840 1340 1889 sententiae.
1391 1839 1631 1895 Faliscus,
1668 1840 1840 1904 procul
1876 1839 1934 1889 ab

1093 2026 1158 2065 die
1185 2025 1227 2077 1,
1265 2024 1317 2063 27
1349 2024 1632 2064 bezeichnete.
1656 2045 1710 2052 —
1741 2026 1937 2076 reseren-

150 2023 249 2063 dem
270 2024 346 2064 der
365 2023 503 2065 Plebs.
528 2046 583 2053 —
605 2026 698 2065 eius
724 2025 838 2065 wiire
868 2038 1000 2076 unge-

1092 2085 1175 2132 tes,
1217 2081 1526 2131 nachtriigliche
1560 2081 1842 2132 Bestimmung
1883 2094 1936 2121 zu

158 2081 387 2132 wb‘bnlicb,
418 2087 537 2121 sonst
565 2087 658 2132 sagt
679 2081 726 2122 L.
749 2083 895 2122 immet·
918 2084 1000 2123 tri-

157 2138 260 2177 huni
286 2137 420 2193 plebis
454 2139 556 2178 oder
589 2140 770 2190 tribuni,
811 2139 998 2179 wesbalb

155 2192 455 2246 Freudenberg
472 2197 564 2235 eius
581 2199 684 2236 anni
697 2196 949 2236 vermutbet.
961 2219 998 2227 -—-

154 2253 274 2304 quin,
298 2252 383 2302 vgl.
408 2251 481 2302 23,
505 2252 552 2303 6,
582 2251 628 2302 2;
654 2252 698 2300 8,
730 2253 806 2303 40,
841 2252 886 2300 13
911 2251 996 2294 Cic.

156 2307 277 2348 Caec.
318 2308 387 2355 11,
423 2308 472 2348 31
511 2322 551 2348 u.
587 2321 624 2348 a.
647 2331 702 2338 —
729 2312 999 2361 crearentur,

154 2364 340 2405 dieselbe
351 2363 492 2405 Riirze
514 2366 594 2405 wie
613 2379 647 2405 c.
671 2365 734 2413 12,
759 2366 797 2416 8,
821 2371 873 2405 st.
898 2368 995 2419 quin

153 2425 424 2474 crearentur,
463 2426 589 2476 atque
622 2425 757 2463 creati
789 2426 905 2462 sunt.
940 2444 998 2452 —-

156 2476 384 2532 Geganius,
406 2491 440 2518 c.
465 2478 505 2519 8.
526 2501 583 2508 —
603 2478 729 2520 credo
751 2480 822 2519 hat
843 2479 881 2518 in
905 2480 996 2519 die-

154 2546 241 2575 sem
264 2534 384 2575 Falle
422 2534 573 2576 keinen
605 2536 787 2576 Einfluss
822 2533 898 2576 aur
930 2537 994 2576 die

152 2589 463 2631 Construction.
507 2591 581 2632 Die
604 2592 893 2643 Vermutbung
911 2591 994 2633 L.'s

152 2647 209 2688 ist
227 2647 427 2698 iibrigens
449 2648 550 2688 nach
568 2647 594 2701 ξ
611 2648 636 2688 9
654 2650 900 2690 schwerlicb
923 2650 994 2690 be-

150 2704 341 2757 griiudet,
366 2704 610 2756 Schwegler
631 2705 671 2754 2,
694 2705 792 2746 365.

210 2816 261 2857 10
277 2840 305 2847 -
326 2817 390 2857 11.
427 2820 660 2858 centurion.
684 2823 778 2870 etc„
798 2817 846 2859 L.
863 2819 993 2860 denkt

149 2874 234 2914 wol
254 2887 305 2914 an
329 2877 491 2924 evocati
511 2876 584 2914 der
601 2875 797 2928 spiiteren
817 2874 934 2927 Zeit,
955 2889 989 2916 s.

150 2930 198 2982 3,
228 2930 302 2985 57,
332 2931 373 2971 9.
401 2953 457 2961 --
488 2931 749 2982 Qm'nctium,
778 2944 824 2971 es
856 2932 912 2972 ist
940 2931 990 2973 T.

149 2987 388 3041 Quinctius,
423 3002 458 3029 c.
499 2988 571 3031 13:
608 2989 710 3028 auch
739 2987 899 3029 Fabius
935 2989 992 3029 ist

148 3044 376 3095 Consular,
397 3058 433 3085 c.
461 3045 525 3085 11.
550 3068 602 3075 —
625 3047 773 3094 iussit,
795 3045 993 3096 gewb‘hu—

148 3100 230 3141 licb
259 3101 470 3144 beatimmt
498 3102 574 3142 der
602 3102 730 3142 Senot
757 3102 823 3141 die
853 3101 992 3153 Legn-

148 3162 235 3198 ten.
257 3179 314 3188 —
332 3162 526 3214 potestas
545 3173 625 3209 m.,
655 3159 701 3208 2,
733 3157 806 3208 18,
828 3158 874 3207 93
899 3171 992 3200 zum

150 3211 374 3255 Gedeukeu
398 3215 436 3268 3,
459 3216 528 3267 26,
556 3216 617 3256 12.
637 3237 695 3245 -
715 3218 928 3269 ceperunt,
954 3215 991 3264 1,

1089 2142 1293 2193 ceperunt
1312 2156 1339 2162 -
1359 2151 1454 2178 cum
1477 2139 1709 2191 referrent.
1731 2159 1787 2166 —
1806 2140 1936 2179 auxi-

1090 2195 1145 2235 1ιό
1167 2196 1318 2245 gebfirt
1340 2207 1390 2234 zu
1413 2197 1642 2241 venerunt,
1673 2207 1708 2234 s.
1739 2192 1871 2247 praes.
1893 2195 1932 2233 5.

1088 2251 1455 2300 —Fale'scorum,
1491 2264 1571 2290 von
1604 2250 1781 2301 Falerii,
1818 2251 1936 2290 einer

1089 2309 1165 2348 der
1210 2308 1259 2348 12
1302 2307 1462 2347 etrusk.
1486 2307 1792 2346 Bundesst‘ddte
1829 2308 1934 2346 zwi-

1090 2366 1217 2405 scben
1247 2365 1338 2404 dem
1369 2364 1502 2404 saltus
1527 2363 1726 2404 Ciminius
1748 2364 1829 2403 und
1852 2363 1933 2403 So-

1088 2427 1221 2462 racte.

1149 2478 1214 2518 12.
1238 2476 1503 2530 confluentis,
1526 2477 1561 2528 1,
1580 2476 1715 2516 22-
1732 2479 1932 2530 utriusq„

1088 2534 1219 2575 Tiber
1255 2548 1295 2574 u.
1328 2534 1447 2573 Anio.
1478 2557 1531 2562 —
1561 2547 1643 2587 qua
1679 2535 1800 2585 sequi
1833 2538 1932 2584 etc.‚

1087 2605 1167 2641 wo,
1189 2592 1267 2631 wie
1290 2591 1391 2630 weit
1412 2604 1460 2630 er
1479 2591 1554 2630 mit
1575 2591 1649 2630 der
1662 2588 1932 2640 Besestigung

1088 2650 1365 2699 (munimento
1384 2648 1440 2687 ist
1455 2647 1644 2687 abstruct
1663 2660 1714 2686 zu
1738 2647 1930 2693 nebmen)

1085 2718 1168 2746 von
1205 2707 1337 2746 einem
1369 2702 1469 2746 Ufer
1505 2705 1606 2744 nach
1645 2704 1734 2743 dem
1770 2703 1928 2743 andern

1084 2763 1151 2802 hin
1175 2763 1289 2813 (dass
1319 2763 1385 2801 ein
1409 2760 1530 2801 Tbeil
1554 2761 1627 2801 des
1651 2759 1829 2800 Raumes
1851 2757 1928 2799 srei

1085 2819 1214 2871 blieb,
1245 2819 1359 2869 zeigt
1380 2818 1456 2858 der
1476 2816 1629 2870 Rumpf
1646 2829 1708 2857 am
1733 2814 1869 2866 Lnger
1890 2827 1926 2854 e.

1086 2876 1158 2926 19,
1197 2876 1240 2922 Ἰ)
1268 2876 1468 2927 gelengen
1501 2874 1669 2923 konnte,
1706 2870 1844 2911 suhi-te
1880 2883 1929 2911 er

1083 2934 1310 2985 (zwischeu
1341 2933 1419 2972 den
1444 2931 1636 2978 Fliissen‚
1658 2927 1928 2983 interposito)

1082 2990 1201 3030 einen
1224 2988 1341 3030 wan
1363 2988 1454 3039 nus,
1485 3000 1518 3027 s.
1543 2986 1614 3038 32,
1647 2985 1690 3036 6,
1725 2986 1773 3033 53
1805 2983 1923 3024 Caes.

1082 3046 1126 3087 B.
1149 3045 1199 3087 G.
1222 3047 1262 3097 7,
1295 3046 1368 3085 74:
1391 3047 1587 3097 reg-iones
1608 3045 1780 3083 secutus
1800 3052 1926 3094 quam

1079 3105 1223 3158 potuit
1255 3104 1536 3156 aequissimas
1566 3120 1592 3128 -·
1619 3100 1878 3139 munitiones
1899 3118 1927 3126 -·

1079 3161 1280 3214 perfecit.
1294 3181 1347 3189 -—
1364 3162 1582 3211 interpos„
1607 3155 1817 3195 zwieeben
1840 3153 1928 3194 bei-

1083 3216 1161 3256 den
1187 3216 1389 3263 Fliissen;
1419 3214 1523 3253 iiber
1543 3213 1609 3252 die
1631 3211 1730 3252 abu,
1753 3210 1865 3252 abts.
1888 3221 1923 3250 ι.

150 3269 223 3324 50,
259 3270 308 3312 9:
351 3271 534 3314 daz-nu.
588 3272 662 3313 Die
693 3271 902 3312 Loculit'n't
937 3272 995 3312 int
1081 3285 1116 3313 c.
1142 3272 1209 3324 10,
1230 3273 1268 3312 5.

1505 3338 1586 3379 12·

1984 1003 2030 1042 10

1979 1216 2025 1257 11

1977 1428 2026 1468 12

1974 1840 2041 1890 18
