2221 3537
279 179 381 228 260

909 177 1065 220 LIBER
1085 178 1131 220 11.
1191 178 1306 220 CAP.
1340 179 1407 220 20.

1934 16 1939 18 .
1947 30 1960 45 ἱ,
1974 0 1988 15 Q
2009 26 2016 32 .
2023 0 2062 33 ’γ’-’ἶ
2072 0 2221 89 &qq

1738 203 1768 226 a.
1792 203 1828 225 u.
1853 193 2040 231 255-257,

222 317 246 357 3
281 307 350 354 dit
378 306 575 354 calearia
605 321 732 369 equo
760 314 807 354 et
832 306 1152 371 Tarquinium
1176 307 1358 356 infesto
1380 308 1564 372 spiculo
1585 309 1722 374 petit.
1749 308 2042 374 Tarquinius

278 384 409 426 retro
436 376 485 424 in
512 391 688 439 agmen
716 391 917 426 suorum
954 378 1147 426 infenso
1186 378 1330 426 cessit
1365 378 1509 428 hosti.
1559 379 1828 439 Valerium,
1855 387 2042 433 temere

278 446 524 495 invectum
552 447 604 494 in
631 448 827 496 exulum
855 449 1026 505 aciem,
1053 464 1111 497 ex
1136 454 1415 498 transverso
1437 449 1635 514 qui-dam
1655 450 1857 499 adortus
1879 457 2044 500 trans·
2066 505 2072 513 ,

279 517 396 581 figit,
436 532 528 566 nec
564 518 826 582 quicquam
860 518 1035 581 equitis
1062 519 1263 567 vulnere
1290 535 1417 583 equo
1443 520 1690 570 retardato
1718 520 2042 573 moribundus

216 595 244 635 4
276 586 530 637 Romanus
558 588 831 637 labentibus
857 603 1004 652 super
1031 604 1206 653 corpus
1233 589 1380 640 armis
1407 590 1465 639 ad
1492 598 1671 640 terram
1699 591 1912 640 defluxit.
1965 591 2041 641 di-

276 664 432 707 ctator
460 659 742 708 Postumius
770 665 1028 722 postquam
1041 659 1273 708 cecidisse
1299 659 1440 709 talem
1469 660 1642 719 virum,
1674 660 1840 710 exules
1862 661 2043 711 feroci-

218 737 243 777 5
274 737 351 777 ter
378 729 522 778 citato
551 730 737 794 agmine
764 729 940 787 invehi,
969 745 1082 778 suos
1108 731 1355 794 perculsos
1381 731 1554 780 cedere
1579 731 1934 791 animadvertit,
1960 748 2044 780 oo-

274 799 405 847 horti
433 816 563 856 suae,
593 816 738 864 quam
767 799 1004 849 delectam
1035 815 1234 850 manum
1252 802 1482 865 praesidii
1504 817 1642 851 eausa
1663 802 1788 851 circa
1808 817 1861 851 se
1888 801 2042 851 hahe-

273 871 372 927 bat,
401 871 483 918 dat
508 872 718 933 signum,
747 877 816 919 ut.
845 887 989 934 quem
1019 886 1225 920 suorum
1247 871 1515 935 fugientem
1536 871 1762 931 viderint,
1787 887 1875 936 pro
1901 873 2043 922 hoste

275 939 503 989 habeant.
555 941 616 989 ita
646 949 781 989 metu
807 941 1005 1004 ancipiti
1030 942 1156 990 versi
1183 959 1209 991 a
1236 946 1347 1006 fuga
1373 943 1580 991 Romani
1608 943 1656 991 in
1675 942 1868 991 hostem
1889 949 1939 992 et
1961 957 2044 992 re-

220 1019 245 1060 6
277 1011 446 1059 stituta
486 1012 624 1060 acies.
679 1012 854 1060 cohors
882 1012 1131 1062 dictatoris
1159 1020 1264 1061 tum
1291 1013 1506 1077 primum
1532 1013 1774 1077 proelium
1802 1013 1934 1071 iniit3
1961 1013 2040 1064 in-

218 1091 241 1130 7
275 1082 426 1144 tegris
453 1082 739 1146 corporibus
767 1083 1039 1147 animisque
1060 1084 1217 1132 fessos
1238 1084 1396 1132 adorti
1419 1084 1582 1132 exules
1603 1084 1828 1133 caedunt.
1865 1083 1933 1132 ibi
1951 1084 2041 1134 alia

273 1152 404 1200 iuter
430 1168 660 1216 proceres
689 1163 852 1202 coorta
879 1168 1058 1217 pugna.
1111 1155 1377 1219 imperator
1411 1154 1631 1213 LatinuS‚
1668 1155 1752 1204 ubi
1787 1155 2042 1204 cohortem

275 1223 472 1272 exulum
500 1240 525 1273 a
554 1224 787 1273 dictatore
809 1225 1028 1274 Romano
1057 1241 1208 1290 prope
1236 1226 1614 1274 circumventam
1637 1226 1769 1282 vidit,
1796 1241 1856 1273 ex
1876 1224 2040 1274 subsi-

217 1300 240 1340 8
275 1293 440 1342 diariis
470 1295 745 1359 manipulos
772 1295 956 1359 aliquot
982 1296 1032 1343 in
1060 1296 1267 1360 primam
1287 1297 1440 1345 aciem
1469 1311 1638 1345 secum
1658 1296 1799 1360 rapit.
1839 1296 1930 1344 hos
1951 1311 2041 1360 ag-

273 1364 407 1413 mine
437 1366 694 1414 venientes
720 1366 774 1413 T.
803 1365 1084 1415 Herminius
1112 1368 1297 1430 legatus
1350 1367 1676 1430 conspicatus,
1704 1367 1930 1430 interque
1957 1382 2040 1416 eos

268 1434 514 1498 insignem
554 1443 687 1485 veste
721 1437 968 1501 armisque
1003 1436 1271 1486 Mamilium
1299 1437 1571 1488 noscitans,
1598 1445 1738 1486 tanto
1765 1437 1812 1485 vi
1840 1437 2037 1494 maiore,

158 1501 165 1507 ’
214 1516 239 1556 9
273 1521 418 1569 quam
444 1507 587 1570 paulo
617 1514 730 1555 ante
760 1508 988 1571 magister
1016 1508 1251 1572 equitum,
1281 1524 1391 1557 cum
1411 1508 1627 1556 hostium
1649 1508 1772 1557 duce
1797 1508 2037 1572 proelium

269 1576 395 1634 iniit,
423 1585 477 1625 ut
505 1584 552 1625 et
580 1593 679 1626 uno
708 1578 805 1626 ictu
832 1578 1122 1627 transfixum
1149 1593 1237 1642 per
1263 1579 1388 1627 latus
1416 1578 1648 1627 occiderit
1673 1577 1961 1637 Mamilium,
1991 1585 2040 1627 et

270 1647 374 1710 ipse
404 1648 531 1696 inter
558 1649 869 1712 spoliandum
896 1665 1072 1713 corpus
1093 1649 1247 1698 hostis
1275 1656 1471 1698 verruto
1499 1665 1786 1713 percussus,
1813 1664 1929 1698 cum
1967 1647 2042 1697 vi-

272 1724 375 1766 ctor
403 1719 453 1766 in
482 1726 637 1767 castra
667 1728 798 1767 esset
826 1721 1022 1775 relatus,
1051 1721 1179 1769 inter
1199 1721 1410 1784 primam
1432 1721 1735 1768 curationem
1763 1719 2040 1784 exspirave-

271 1921 539 1972 conspz'catus
559 1922 662 1958 esset
683 1942 706 1946 —
729 1932 925 1960 accensus
953 1918 1107 1959 subdit.

271 1997 324 2001 —
349 1973 459 2026 glor.
498 1988 669 2022 nocens„
708 1976 811 2016 nach
847 1977 935 2015 dem
966 1976 1108 2026 Folg.:

270 2029 464 2081 begierig
487 2032 563 2071 den
587 2031 717 2071 Ruhm
740 2046 790 2072 zu
813 2034 995 2083 mehren,
1028 2033 1108 2072 wie

271 2086 505 2141 cupiditate
536 2090 739 2140 incitare,
781 2089 880 2128 bello
912 2090 1111 2129 lacessere

271 2157 310 2182 u.
334 2143 371 2183 Ξ.
414 2167 466 2172 -
507 2149 630 2184 erant
651 2146 714 2186 als
738 2146 999 2197 Bemerkung
1023 2146 1112 2187 Ls.'

271 2200 537 2252 dargestellt.
559 2224 613 2230 —
633 2204 756 2242 eiecti
777 2225 799 2230 -
825 2204 984 2257 interf„
1019 2217 1052 2243 s.
1074 2217 1110 2243 c.

274 2256 339 2307 18,
363 2260 407 2298 9:
439 2261 630 2306 creatum
669 2259 736 2298 die
759 2259 1111 2300 Zusammenstel-

269 2312 371 2365 lung
393 2314 471 2354 wie
493 2317 529 2364 l,
552 2315 620 2365 58,
644 2315 666 2355 8
688 2317 840 2364 hostis3
865 2317 1032 2357 {ihnlich
1055 2317 1109 2356 i1n

271 2369 390 2422 Folg.
414 2370 571 2422 infesto
592 2395 618 2399 ·-
651 2373 833 2425 insenso.
871 2397 922 2402 —
961 2375 1109 2426 z‘rzsest.

268 2440 348 2480 sp„
371 2440 403 2466 c.
433 2429 496 2478 19,
521 2429 571 2476 8;
596 2429 633 2480 8,
658 2429 694 2478 7,
717 2432 778 2470 10.
804 2453 856 2457 —
877 2443 948 2469 nec
978 2433 1107 2482 quicq.

269 2489 363 2534 etc„
387 2483 458 2523 das
470 2485 739 2536 Durchgehen
763 2487 834 2526 des
846 2486 1019 2527 Pferdes
1037 2486 1107 2527 be-

267 2540 505 2592 schleunigt
536 2542 679 2582 seinen
704 2541 810 2582 Fall.
834 2566 887 2572 —
909 2543 1107 2596 deflua-it,

268 2596 562 2649 herabsinken,
588 2599 703 2638 Curt.
730 2600 766 2648 7,
790 2601 857 2651 32,
881 2600 954 2650 363
988 2606 1107 2640 sonst

270 2652 521 2703 dichterich;
546 2655 622 2694 Ov.
648 2656 746 2696 Met.
769 2658 807 2706 6,
830 2658 932 2698 229:
955 2657 1106 2697 anders

269 2709 398 2759 N'erg.
427 2712 490 2761 11,
522 2714 625 2752 50οε
657 2714 800 2753 cohors
822 2737 846 2742 -
867 2714 1026 2753 relictis
1052 2713 1109 2753 ad

268 2769 425 2805 terram
449 2767 627 2820 desluoeit
649 2771 776 2822 equis,
799 2770 979 2821 vgl.Cic.
999 2770 1104 2810 Phil.

274 2822 339 2873 12,
362 2824 400 2874 3,
424 2824 468 2862 S:
491 2826 624 2876 fluent
644 2839 769 2865 arma
789 2827 838 2867 de
858 2828 1066 2867 manibus.

327 2936 428 2975 5-9.
464 2939 625 2977 cohorti
650 2954 699 2990 s.,
733 2940 800 2979 die
824 2940 1103 2991 Einrichtung

267 2992 385 3032 einer
421 2993 680 3035 bes011deren
719 2999 861 3036 cohors
887 2999 1103 3050 praetoria

266 3049 372 3089 wird
425 3057 514 3090 erst
557 3051 696 3104 Scipio
738 3052 963 3092 Africanus
1013 3054 1102 3091 dem

263 3106 467 3157 jiingeren
497 3109 836 3158 zugeschrieben,
868 3110 947 3148 und
972 3109 1026 3149 ist
1060 3109 1101 3148 in

265 3163 330 3202 die
368 3161 536 3204 friihere
567 3165 660 3205 Zeit
693 3165 966 3214 iiber-tragem
1001 3166 1103 3204 iiber

266 3219 331 3259 die
343 3220 497 3273 Appos.
519 3235 642 3274 quam
665 3221 743 3262 del.
765 3236 835 3272 πμ,
860 3234 891 3261 s.
915 3225 948 3272 1,
976 3224 1012 3272 ἶ,
1041 3222 1101 3261 12.

185 1803 236 1844 10
269 1789 346 1837 rit.
400 1796 506 1838 tum
536 1791 593 1839 ad
621 1790 810 1854 equites
838 1791 1045 1839 dictator
1071 1791 1261 1839 advolat
1287 1791 1553 1848 obtestanS,
1580 1798 1636 1839 ut
1672 1790 1802 1839 fesso
1827 1790 1924 1840 iam
1950 1805 2041 1854 pe-

1199 1942 1253 1948 —
1274 1919 1360 1958 dat.
1383 1934 1430 1969 s.,
1469 1919 1573 1959 wird
1610 1920 1713 1959 auch
1747 1932 1828 1959 von
1860 1919 2039 1962 miindii-

1201 1977 1301 2015 chen
1315 1975 1508 2016 Befehlen
1531 1977 1771 2026 gebraucffl,
1798 1989 1830 2016 s.
1855 1976 1893 2028 5,
1916 1976 1986 2028 36,
1998 1976 2037 2015 7.

1201 2055 1254 2060 ——
1291 2034 1446 2085 integr.
1469 2055 1494 2060 —
1517 2032 1764 2083 suhsidzkzr„
1804 2033 1872 2073 die
1905 2033 2038 2074 dritte

1203 2088 1532 2139 Schlachtreihe,
1552 2089 1688 2141 vgl.8‚
1708 2091 1771 2141 10,
1794 2091 1833 2128 4.
1847 2091 2039 2145 -ναρίἰ,

1204 2146 1280 2196 23,
1317 2147 1384 2197 36,
1422 2147 1465 2185 2;
1502 2148 1680 2186 citatum
1713 2159 1867 2198 agmen
1902 2148 2036 2200 rapit3

1203 2202 1275 2253 25,
1318 2203 1391 2253 35,
1440 2205 1482 2252 13
1534 2202 1633 2243 Tac.
1671 2202 1777 2242 Anu.
1803 2204 1867 2252 15,
1905 2202 1943 2242 8.
1982 2227 2035 2232 -

1202 2261 1389 2312 agmine,
1400 2259 1510 2298 hier:
1534 2259 1574 2298 in
1586 2259 1904 2310 geschlossenen
1917 2257 2038 2300 Glie-

1203 2316 1319 2365 dern,
1357 2316 1441 2366 vgl.
1480 2316 1514 2368 1,
1557 2317 1597 2365 6,
1643 2316 1681 2355 2.
1732 2340 1784 2344 -
1824 2318 1943 2356 tanto
1978 2315 2038 2357 ist

1201 2373 1277 2412 mit
1306 2372 1558 2412 Nae-hdruck
1598 2372 1907 2424 vorangestellt
1951 2373 2035 2412 und

1199 2442 1246 2468 so
1278 2442 1359 2468 von
1390 2431 1555 2468 maiore
1587 2434 1804 2480 getrenut,
1849 2441 1883 2468 s.
1914 2443 1966 2469 zu
1995 2430 2034 2479 6,

1201 2485 1268 2535 23,
1293 2486 1340 2531 43
1365 2485 1433 2536 22,
1457 2485 1524 2535 26,
1551 2488 1593 2535 13
1617 2484 1824 2525 auftanto
1845 2484 1965 2526 istut
1982 2499 2035 2525 zu

1198 2541 1412 2592 beziehen,
1449 2542 1531 2594 vgl.
1554 2541 1622 2593 24,
1657 2541 1719 2589 16,
1753 2542 1784 2581 1.
1830 2566 1882 2570 —-
1924 2543 2037 2582 inter·

1197 2598 1318 2652 spol„
1350 2599 1432 2649 vgl.
1457 2598 1496 2647 6,
1531 2599 1593 2647 11,
1625 2599 1669 2647 53
1704 2599 1743 2650 7,
1779 2599 1846 2648 40,
1883 2600 1922 2649 5,
1953 2598 2035 2639 wie

1198 2654 1258 2695 oft
1288 2657 1328 2695 in
1364 2657 1440 2694 den
1462 2654 1747 2696 homerischen
1771 2655 2034 2696 Schlachten.

1197 2735 1250 2740 —
1271 2715 1307 2751 et
1330 2714 1417 2765 ipse
1438 2735 1458 2739 —
1485 2714 1667 2766 aspin,
1703 2715 1745 2751 et
1773 2714 1860 2766 ipse
1889 2712 2035 2753 deutet

1198 2782 1275 2808 nur
1325 2782 1397 2818 an,
1464 2769 1558 2808 dass
1610 2769 1794 2808 Hei-min.
1844 2768 2031 2819 gleiches

1197 2825 1415 2865 Schicksal
1456 2825 1531 2866 mit
1572 2826 1662 2865 dem
1699 2825 1919 2875 Besiegten
1960 2824 2032 2864 hat

1195 2882 1407 2932 (occiderit
1424 2905 1448 2909 -
1464 2882 1759 2936 expiraverit),
1781 2894 1814 2921 s.
1842 2883 1876 2932 1,
1899 2881 1965 2930 30,
1982 2881 2031 2931 63

1197 2940 1258 2978 als
1271 2939 1398 2990 Folge
1423 2952 1500 2978 von
1523 2941 1637 2978 tanto
1658 2961 1684 2965 -
1707 2939 1803 2976 iniit
1824 2937 1933 2977 kann
1955 2937 2031 2978 der

1194 2996 1294 3036 Satz
1331 2996 1446 3035 nicht
1482 2994 1715 3035 betrachtet
1749 2994 1941 3043 werden,
1977 2994 2030 3034 da

1195 3053 1332 3092 Herm.
1363 3052 1479 3092 nicht
1510 3051 1564 3090 im
1586 3049 1759 3102 Hampfe
1788 3050 1864 3090 mit
1887 3050 2030 3090 Mami-

1194 3109 1277 3148 lius
1343 3108 1588 3148 verwuudet
1653 3106 1780 3157 wird3
1850 3119 2032 3157 genauer

1193 3166 1333 3205 hiesse
1357 3178 1400 3205 es
1417 3168 1462 3204 ut
1478 3177 1559 3204 uno
1579 3166 1660 3204 ictu
1682 3189 1699 3194 -
1719 3163 1939 3211 accrum-im
1959 3163 2033 3204 sed

1194 3225 1232 3260 et
1254 3246 1278 3250 —
1301 3222 1546 3275 eaespz‘ravic.
