2221 3537
100 892 167 938 39

193 127 292 177 300
773 120 932 162 mena
950 118 999 161 11.

1048 118 1164 160 CAP.
1188 118 1255 160 38.
1287 117 1353 158 39.

1772 139 1804 164 ι.
1826 140 1864 162 ιι.
1880 131 1960 165 263.

192 252 538 317 piaculumque
563 249 807 306 merituri,
834 249 942 297 ideo
970 262 1063 296 nos
1090 247 1149 296 ab
1177 246 1292 294 sede
1322 244 1518 308 piorum
1550 252 1696 296 coetu
1727 245 1963 295 concilio-

137 331 161 370 5
194 339 287 387 que
313 319 475 383 abigi?
525 320 641 384 quid
670 316 882 368 deinde?
933 318 1050 366 illud
1090 331 1191 365 non
1217 315 1473 374 succurrit,
1502 317 1662 365 vivere
1691 331 1798 373 noS,
1827 316 1962 380 quod

191 392 541 441 maturarimus
581 386 862 454 proticisci?
915 389 954 436 si
991 389 1084 436 hoc
1118 385 1359 450 profectio
1399 393 1447 434 et
1480 400 1583 435 non
1620 389 1731 449 fuga
1773 391 1863 434 est.
1914 392 1964 435 et

191 463 319 511 hanc
346 461 518 509 urbem
547 477 631 510 vos
661 475 764 508 non
793 458 1010 507 hostium
1040 455 1235 511 ducitis,
1264 454 1347 504 ubi
1373 456 1413 504 si
1439 471 1596 505 unum
1625 456 1756 505 diem
1784 455 1964 505 morati

193 533 380 589 essetiS,
409 532 722 580 moriendum
752 529 986 578 omnibus
1022 523 1156 574 fuit?
1207 526 1388 574 bellum
1422 525 1559 575 vobis
1596 527 1835 576 indictum
1873 532 1964 583 est,

136 610 161 650 6
192 619 371 666 magno
423 617 596 650 eorum
637 601 790 657 malo,
830 599 914 662 qui
952 598 1193 652 indixere,
1234 596 1273 644 si
1312 595 1402 644 viri
1441 596 1609 645 estis.“

1684 597 1751 645 ita
1791 602 1839 645 et
1876 611 1964 645 sua

191 682 366 738 sponte
411 673 591 720 irarum
618 671 748 735 pleni
781 678 828 717 et
849 668 1038 716 incitati
1065 667 1237 715 domos
1266 666 1381 714 inde
1410 666 1614 728 digressi
1641 673 1784 725 sunt,
1814 666 1964 715 insti-

190 745 446 808 gandoque
476 758 590 790 suos
620 741 828 805 quisque
855 739 1063 802 populos
1091 738 1319 793 effecere,
1359 744 1413 784 ut
1439 752 1586 786 omne
1615 737 1840 785 Volscum
1869 750 1963 784 no-

198 830 312 863 men
342 813 585 861 deficeret.

333 884 658 946 Imperatores
683 880 741 927 ad
768 879 815 927 id
843 877 1025 926 bellum
1055 877 1114 924 de
1145 875 1368 924 omnium
1396 876 1694 939 populorum
1722 875 1969 924 sententia

194 955 304 1003 lecti
337 954 497 1001 Attius
524 951 711 999 Tullius
731 958 777 998 et
809 950 893 997 Cn.
923 948 1129 995 Marcius
1143 948 1251 995 exul
1264 948 1530 1004 Romanus,
1556 946 1716 1009 inquo
1738 946 1967 1010 aliquan-

135 1034 159 1073 2
190 1032 241 1073 to
269 1026 377 1087 plus
406 1023 507 1086 spei
537 1021 823 1084 repositum.
866 1034 1011 1082 quam
1035 1033 1170 1081 spem
1197 1032 1505 1080 nequaquam
1529 1016 1718 1073 fefellit,
1748 1022 1801 1064 ut
1827 1015 1966 1065 facile

192 1102 448 1158 appareret
470 1093 674 1140 ducibus
698 1090 979 1138 validiorem
1005 1103 1149 1151 quam
1172 1088 1390 1136 exercitu
1411 1102 1516 1135 rem
1541 1087 1812 1135 Romanam
1837 1101 1963 1135 esse.

194 1164 418 1213 Cerceios
447 1164 698 1226 profectus
727 1162 944 1224 primum
972 1160 1171 1207 colonos
1202 1159 1316 1206 inde
1344 1158 1592 1206 Romanos
1621 1157 1805 1220 expulit
1842 1156 1964 1204 libe-

138 1242 160 1281 3
195 1251 400 1298 ramque
424 1250 529 1282 eam
556 1234 725 1281 urbem
750 1230 934 1279 Volscis
955 1230 1181 1284 tradidi13
1204 1228 1319 1276 inde
1337 1228 1388 1275 in
1412 1227 1632 1276 Latinam
1655 1228 1781 1276 viam
1802 1235 1967 1275 trans-

195 1305 346 1353 versis
374 1303 649 1353 tramitibus
678 1311 1010 1363 transgressus
1030 1299 1274 1349 Satricum
1296 1298 1569 1361 Longulam
1592 1298 1847 1346 Poluscam
1870 1297 1966 1346 Co-

195 1461 382 1512 lumque,
433 1460 563 1499 durch
606 1460 694 1497 ihre
734 1456 1035 1496 Anwesenheit

194 1518 365 1557 wiirden
403 1517 466 1555 die
491 1516 640 1555 Giitter
675 1515 869 1562 verletzt,
907 1514 1033 1552 deren

197 1575 307 1614 Zorn
333 1575 437 1613 danu
463 1573 594 1611 durch
617 1573 683 1610 ein
709 1568 944 1621 Siihuopfer
965 1568 1038 1607 be-

195 1630 369 1679 s'zinftigt
392 1631 556 1668 werden
578 1629 747 1667 nnis-ste.
770 1627 1036 1675 —7nert'tm‘i,

197 1687 490 1735 verschulden,
529 1686 593 1735 29,
630 1686 692 1730 15,
730 1684 776 1721 9:
819 1682 1034 1736 piaculum

195 1745 507 1791 commiserunt,
521 1743 602 1791 vgl.
617 1742 723 1789 c.36,
736 1741 759 1778 4
771 1753 778 1775 :
790 1738 1034 1778 mercedem.

197 1802 440 1854 —pz‘or'nm,
462 1801 531 1838 mit
545 1797 784 1844 ssitterkeit,
801 1794 1037 1844 Gegensatz

197 1871 246 1896 zu
268 1858 577 1895 contaminatos
600 1868 633 1892 c.
659 1855 725 1897 37,
744 1853 783 1892 9.

254 1913 358 1952 5-6.
391 1911 492 1962 quid
521 1909 667 1950 deinde
698 1909 816 1949 lenkt
845 1908 913 1947 die
936 1905 1039 1946 Auf-

198 1968 499 2009 merksamkeit
521 1966 596 2006 auf
615 1968 690 2005 den
717 1978 846 2004 neuen
873 1963 1037 2004 Grund:

195 2038 282 2065 was
293 2026 398 2063 dann
420 2025 590 2071 mitem
611 2023 796 2073 hiiuligvr
813 2020 912 2072 quid
931 2025 1038 2068 tum,

191 2085 351 2136 postea.
388 2105 438 2108 —
478 2081 551 2119 lmc
568 2093 650 2133 pr„
675 2079 769 2132 weil
794 2079 868 2117 der
892 2092 935 2117 so
960 2091 1034 2115 au—

195 2139 416 2188 gedeutete
440 2136 600 2184 Begrils
633 2136 707 2175 mit
744 2136 832 2173 dem
866 2136 902 2172 in
935 2146 1032 2186 pro-

193 2196 320 2247 fectio
351 2194 570 2242 liegendeu
613 2193 743 2231 durch
785 2191 849 2230 die
889 2190 1035 2229 Bedin-

194 2263 304 2303 gung
344 2251 407 2289 als
448 2250 591 2288 nicht
641 2247 922 2298 congruirend
967 2248 1036 2285 be-

195 2308 385 2347 zeichnet
400 2307 518 2353 wit-d,
542 2306 598 2344 ist
620 2306 725 2344 auch
745 2305 812 2343 die
831 2315 1035 2353 gramma-

198 2363 334 2403 tische
357 2362 479 2401 Form
507 2363 643 2411 (nicht
665 2362 779 2403 llaec)
820 2360 1033 2399 verschie—

196 2420 289 2468 deu,
312 2431 344 2456 s.
368 2422 407 2461 9.
435 2420 497 2467 14,
525 2420 594 2460 lo:
618 2419 743 2467 Ver-g.
770 2418 871 2455 Aen.
895 2418 930 2454 3.
959 2415 1032 2453 173

197 2490 235 2515 u.
258 2488 311 2523 a.‚
336 2475 418 2526 vgl.
450 2476 484 2523 1,
509 2476 576 2523 39,
599 2476 643 2522 3;
680 2478 716 2524 3,
740 2475 807 2521 35,
831 2475 875 2520 33
908 2472 945 2521 2,
970 2473 1034 2522 2⁴5,

197 2533 222 2570 4
243 2528 425 2581 (Rratz).
449 2553 501 2558 —
518 2533 555 2567 et
577 2543 671 2577 non,
696 2530 775 2567 uud
797 2529 912 2567 nicht
931 2527 1035 2565 vicl-

197 2589 326 2627 mehr.
350 2610 403 2616 —-
428 2600 570 2637 unum,
602 2599 680 2624 nur
701 2586 835 2632 einen,
865 2587 900 2630 1,
924 2586 964 2633 9,
994 2586 1033 2629 13

199 2646 237 2694 3,
262 2646 328 2694 56,
352 2645 390 2683 4.
430 2665 482 2670 -
519 2644 559 2680 sc
577 2665 602 2669 —
620 2643 723 2693 suit,
747 2642 831 2679 Cic.
858 2640 970 2678 Fam.
994 2640 1033 2688 4,

201 2703 240 2750 5,
266 2702 310 2740 4:
335 2702 375 2739 si
403 2722 429 2728 -
456 2711 537 2737 non
572 2697 683 2737 diem
716 2710 840 2735 sumn
865 2697 1033 2735 obiisset

196 2759 280 2796 -ei
288 2755 549 2796 moriendum
560 2756 673 2805 sitit,
688 2754 767 2792 wie
790 2755 981 2804 oporlm't.
1000 2754 1032 2800 1,

197 2813 264 2863 32,
292 2815 362 2855 11;
388 2814 456 2860 4⁴),
482 2813 543 2860 12,
563 2813 586 2849 9
612 2824 647 2849 u.
674 2824 725 2858 a.,
748 2824 782 2849 c.
809 2812 846 2858 5,
872 2811 914 2847 5:
937 2811 1034 2846 crat

195 2867 456 2908 amovendus.
491 2891 542 2895 ——
572 2878 728 2917 mag-710
750 2880 782 2905 e.
807 2879 879 2915 πμ,
906 2866 939 2915 1,
966 2864 1032 2914 55,

197 2927 234 2965 8.
272 2949 325 2954 -—
361 2927 501 2976 instiga
540 2946 592 2951 —
629 2925 756 2974 quisq.
790 2925 918 2960 neben
943 2922 1032 2960 dem

197 2982 337 3021 Ablat.
375 2982 446 3020 des
485 2979 741 3019 Gerundiuin
779 2979 904 3017 findet
945 2977 1034 3015 sich

197 3037 415 3076 bisweilen
440 3039 505 3076 ein
527 3036 767 3075 Nouninativ
790 3035 1034 3078 ‹besonders

197 3097 304 3147 ipse,
326 3096 510 3145 quisque,
542 3091 825 3138 Zahlwiirter)
858 3091 937 3128 wie
968 3089 1034 3128 bei

200 3151 331 3189 einem
356 3150 472 3189 verb.
495 3150 616 3198 finit„
641 3161 755 3187 wenn
780 3146 1036 3197 dasSubject

1622 1397 1643 1405 ,γ
1662 1401 1690 1406 ,,
1710 1400 1751 1405 ..-
1790 1368 1967 1407 :sacas-'5

1127 1456 1199 1495 des
1223 1455 1498 1506 Hauptsatzes
1530 1454 1572 1493 in
1595 1455 1727 1494 einem
1750 1455 1967 1495 bestimm-

1127 1519 1197 1551 ten
1223 1511 1491 1550 Yerhiiltniss
1524 1512 1629 1550 auch
1653 1511 1718 1550 bei
1741 1511 1815 1550 der
1836 1512 1969 1552 durch

1127 1569 1199 1606 das
1212 1565 1393 1606 Get-und.
1416 1567 1713 1607 bezeichneten
1728 1566 1970 1618 Thatigkeit

1127 1624 1303 1673 geducht
1333 1624 1502 1663 werden
1534 1624 1631 1673 soll,
1668 1637 1700 1662 s.
1739 1625 1778 1675 4,
1820 1625 1884 1675 11,
1921 1625 1966 1664 7:

1127 1682 1347 1719 triumviri
1373 1703 1396 1708 -
1433 1682 1676 1719 veoeaccones
1697 1703 1723 1708 —
1743 1680 1874 1720 coloni
1891 1680 1967 1721 ad-

1127 1738 1279 1789 scripti
1297 1736 1547 1775 remanendo
1572 1759 1593 1764 -
1616 1739 1816 1785 vitavere,
1839 1739 1877 1787 4,
1900 1739 1968 1787 31,

1131 1794 1174 1831 2;
1220 1792 1421 1832 tendendo
1458 1792 1514 1832 ad
1547 1805 1627 1832 sua
1667 1795 1835 1845 quisque
1873 1806 1970 1833 con-

1130 1847 1248 1894 είίίας
1282 1849 1337 1888 ib.
1371 1849 1446 1897 43,
1485 1851 1554 1897 113
1590 1850 1662 1900 24,
1696 1852 1742 1898 4,
1775 1852 1819 1889 9:
1850 1849 1970 1903 depo-

1128 1904 1260 1944 nendo
1307 1904 1477 1944 tulelam
1524 1907 1631 1956 z'pse3
1683 1907 1748 1955 25,
1789 1905 1854 1953 23,
1891 1906 1935 1947 11
1957 1919 1968 1955 ;

1131 1963 1197 2011 26,
1213 1962 1337 2010 39,53
1358 1964 1424 2010 40,
1443 1963 1651 2011 23‚1;38,
1675 1962 1739 2011 17,
1759 1962 1804 2012 83
1824 1962 1890 2013 39,
1903 1962 1969 2013 49,

1132 2021 1154 2058 3
1177 2031 1212 2056 u.
1234 2030 1268 2055 a.
1297 2041 1348 2046 -—
1367 2017 1553 2072 populos,
1577 2031 1608 2057 s.
1633 2031 1665 2057 c.
1698 2019 1734 2068 7,
1765 2022 1797 2060 1.
1821 2041 1875 2046 —
1895 2017 1969 2058 de-

1126 2077 1270 2129 ficeret
1298 2075 1366 2124 ist,
1404 2076 1453 2114 da
1492 2075 1558 2114 die
1584 2074 1767 2114 Volsker
1789 2075 1866 2115 den
1890 2074 1970 2116 Βδ-

1127 2144 1243 2171 mern
1280 2131 1438 2170 damals
1476 2144 1521 2170 so
1563 2129 1783 2170 furchtbar
1814 2143 1970 2181 waren,

1127 2188 1244 2228 nicht
1266 2189 1456 2239 passend.

1184 2240 1263 2287 39,
1306 2243 1392 2282 1-2.
1425 2245 1613 2283 omnium
1647 2255 1702 2295 p.,
1740 2243 1833 2282 eine
1863 2243 1971 2283 Ver-

1127 2301 1359 2349 saminlung
1403 2301 1476 2338 der
1508 2299 1829 2350 Abgeordneten
1860 2299 1968 2338 aller

1126 2357 1394 2396 volskischcn
1426 2357 1611 2404 Stantem
1644 2370 1676 2395 c.
1706 2357 1771 2405 25,
1795 2357 1832 2393 6.
1866 2355 1970 2394 Dass

1126 2415 1231 2453 auch
1266 2413 1332 2450 die
1357 2413 1521 2464 :loquer
1556 2410 1680 2452 Theil
1717 2412 1846 2450 daran
1869 2412 1971 2450 nah-

1126 2484 1229 2516 men,
1250 2469 1360 2518 zcigt
1383 2484 1418 2508 c..
1443 2470 1509 2519 4o,
1537 2470 1597 2507 13.
1631 2491 1683 2496 -
1706 2480 1783 2519 qno
1805 2474 1901 2519 etc„
1933 2480 1965 2507 s.

1127 2540 1160 2565 c.
1185 2528 1222 2576 ὃ,
1247 2525 1285 2563 4.
1310 2547 1361 2552 —
1383 2527 1564 2577 reposit,
1589 2525 1674 2574 vgl.
1713 2526 1746 2573 1,
1771 2524 1809 2573 3,
1832 2524 1875 2563 3:
1897 2536 1971 2577 ap-

1122 2581 1293 2635 pellata.
1309 2604 1360 2609 —
1378 2581 1567 2630 ducibus,
1587 2594 1652 2620 um
1675 2581 1753 2619 deu
1771 2579 1971 2620 Wechsel

1127 2640 1202 2677 der
1225 2638 1442 2676 einzelnen
1466 2637 1679 2677 Anfiihrer
1702 2650 1753 2675 zu
1775 2637 1971 2676 bezeich-

1127 2707 1224 2743 nen3
1264 2694 1458 2733 wiihrcnd
1503 2696 1697 2734 emere-ita
1742 2694 1857 2733 mehr
1896 2693 1970 2731 ab·

1125 2755 1259 2790 sti-act
1282 2751 1359 2789 ist:
1385 2752 1451 2791 die
1475 2750 1779 2790 lleeresmacht.
1797 2771 1847 2777 —-
1875 2747 1970 2787 Cer-

1123 2809 1238 2850 ceios,
1280 2819 1312 2844 s.
1350 2808 1383 2856 l,
1417 2808 1481 2856 56,
1508 2808 1551 2849 2:
1591 2820 1636 2846 so
1658 2806 1778 2855 lange
1802 2804 1970 2843 Antium

1124 2864 1199 2901 den
1241 2862 1452 2903 Volskern
1494 2864 1658 2913 gehon,
1702 2862 1857 2900 ko'nnte
1895 2859 1969 2899 das

1125 2919 1385 2958 cntferntere
1409 2920 1572 2959 Cerceii
1597 2931 1675 2957 nur
1697 2930 1774 2956 zur
1796 2918 1872 2956 See
1894 2916 1969 2955 mit

1126 2976 1225 3014 Rom
1263 2976 1303 3013 in
1335 2976 1606 3025 Verbindung
1640 2973 1869 3024 gestanden
1896 2973 1970 3011 ha-

1127 3033 1215 3070 ben.

1183 3091 1220 3125 3.
1252 3090 1509 3127 transversas
1529 3090 1674 3135 tram„
1704 3085 1787 3134 vgl.
1812 3083 1879 3135 22,
1904 3082 1969 3135 12,

1127 3146 1172 3183 2;
1196 3143 1270 3183 auf
1285 3145 1561 3195 Querwegen,
1583 3142 1650 3181 die
1661 3141 1870 3180 zwischen
1889 3140 1969 3179 den
