2221 3537
971 954 1016 1018 Τ
1045 954 1078 1018 1
1107 954 1151 1018 Τ
1181 954 1214 1018 Ι
1284 954 1328 1017 L
1357 954 1390 1018 I
1418 953 1471 1018 V
1499 953 1533 1018 I

567 1079 645 1128 ΑΒ
674 1079 839 1129 URBE
879 1080 1147 1130 CONDITA
1183 1081 1507 1131 LIBRORUM
1543 1079 1908 1130 PEmocuAE.

1086 1280 1173 1321 EX
1203 1279 1317 1321 LIB.
1350 1279 1416 1321 111.

480 1350 715 1390 Seditiones
745 1351 795 1389 de
825 1350 1003 1400 agrariis
1032 1351 1194 1400 legibus
1223 1349 1354 1391 fuere.
1399 1349 1643 1403 Capitolium
1669 1350 1720 1390 ab
1749 1349 1940 1390 exulibus
1969 1355 2013 1389 et
2033 1362 2126 1390 ser-

367 1407 430 1446 vis
462 1412 705 1459 occupatum
728 1407 863 1445 caesis
886 1406 946 1444 bis
970 1412 1179 1458 receptum
1203 1412 1282 1446 est.
1324 1419 1474 1446 census
1497 1406 1559 1446 bis
1580 1412 1699 1446 actus
1722 1412 1806 1446 est:
1829 1406 1968 1458 priore
1990 1405 2125 1445 lustro

367 1475 492 1502 censa
522 1468 618 1502 sunt
647 1462 799 1500 civium
823 1462 958 1513 capita
979 1460 1072 1500 Vlll
1095 1462 1205 1501 milia
1228 1461 1449 1501 DCCXIlll
1471 1468 1639 1515 praeter
1661 1462 1785 1501 orbos
1808 1461 2032 1514 orbasque,
2061 1473 2129 1500 se-

368 1518 508 1570 quenti
545 1516 697 1557 CXVII
740 1517 851 1557 milia
887 1515 1123 1556 CCXVllIl.
1180 1530 1270 1557 cum
1310 1518 1513 1557 adversus
1555 1517 1722 1570 Aequos
1761 1517 1866 1557 male
1902 1522 2022 1568 gesta
2058 1529 2128 1557 res

366 1579 505 1623 esset,
545 1573 591 1612 L.
625 1572 818 1624 Quintius
851 1572 1118 1612 Cincinnatus
1149 1574 1329 1612 dictator
1358 1571 1513 1623 factus,
1553 1586 1644 1613 cum
1675 1586 1773 1613 rure
1796 1573 1980 1612 intentus
2011 1574 2129 1626 operi

366 1630 523 1669 rustico
554 1635 690 1679 esset,
719 1630 769 1668 ad
799 1630 838 1668 id
868 1628 1020 1668 bellum
1049 1630 1273 1679 gerendum
1302 1630 1531 1669 arcessitus
1554 1635 1632 1669 est.
1675 1630 1711 1669 is
1732 1630 1867 1669 victos
1887 1629 2029 1668 hostes
2051 1628 2127 1669 sub

366 1687 504 1736 iugum
534 1686 659 1725 misit.
701 1685 959 1724 tribunorum
989 1686 1121 1737 plebis
1152 1698 1346 1725 numerus
1375 1686 1595 1738 ampliatus
1625 1691 1710 1736 est,
1740 1692 1787 1725 ut
1808 1690 1951 1725 essent
1972 1685 2127 1735 decem,

366 1742 578 1781 tricesimo
602 1747 723 1780 sexto
755 1754 860 1780 auno
890 1754 916 1780 a
944 1742 1086 1793 primis
1109 1741 1286 1781 tribunis
1309 1742 1456 1794 plebis.
1487 1742 1630 1794 petitis
1649 1754 1723 1793 per
1738 1741 1900 1792 legatos
1917 1746 1960 1780 et
1975 1741 2126 1780 adlatis

366 1798 518 1838 Atticis
558 1797 717 1847 legibus
749 1798 799 1837 ad
830 1798 1141 1837 constituendas
1171 1810 1242 1837 eas
1272 1799 1641 1850 proponendasque
1669 1797 1893 1837 decemviri
1923 1809 1996 1849 pro
2026 1809 2125 1836 con-

366 1853 525 1893 sulibus
562 1854 651 1892 sine
689 1853 786 1892 ullis
822 1853 917 1891 aliis
955 1854 1267 1903 magistratibus
1303 1855 1432 1894 creati
1460 1854 1595 1893 altero
1625 1858 1668 1892 et
1695 1853 1990 1893 trecentesimo
2017 1865 2124 1893 anno

365 1922 483 1962 quam
511 1908 639 1948 Roma
668 1909 831 1948 condita
860 1914 974 1958 erat,
1006 1915 1048 1948 et
1070 1915 1115 1948 ut
1136 1922 1160 1948 a
1188 1910 1355 1959 regibus
1386 1909 1443 1950 ad
1462 1909 1666 1960 consules,
1690 1910 1748 1948 ita
1768 1921 1792 1948 a
1814 1909 2052 1949 consulibus
2072 1909 2125 1948 ad

364 1965 622 2005 decemviros
655 1965 869 2018 imperium
890 1965 1152 2005 translatum.
1193 1966 1232 2004 hi
1255 1966 1393 2005 decem
1417 1966 1569 2005 tabulis
1591 1965 1727 2016 legum
1748 1965 1897 2018 positis
1926 1977 2016 2004 cum
2035 1977 2124 2004 mo-

364 2022 482 2061 deste
512 2034 556 2060 se
585 2022 623 2060 in
656 2034 703 2060 eo
735 2022 889 2060 bonore
913 2021 1166 2072 gessissent,
1197 2027 1239 2061 et
1261 2022 1311 2060 ob
1335 2023 1374 2061 id
1398 2023 1436 2061 in
1458 2022 1635 2061 alterum
1665 2033 1824 2074 quoque
1845 2033 1995 2060 annum
2024 2033 2124 2060 eun-

364 2078 454 2116 dem
485 2090 580 2117 esse
610 2078 898 2127 magistratum
927 2077 1180 2129 placuisset,
1211 2077 1376 2118 duabus
1407 2077 1560 2118 tabulis
1589 2078 1639 2116 ad
1670 2078 1810 2117 decem
1839 2077 2013 2116 adiectis
2034 2089 2124 2116 cum

365 2134 577 2186 complura
599 2134 838 2186 inpotenter
859 2131 1077 2183 fecissent,
1106 2134 1393 2183 magistratum
1417 2134 1638 2173 noluerunt
1659 2133 1888 2186 deponere,
1910 2138 1953 2172 et
1973 2133 2013 2172 in
2036 2138 2124 2172 ter-

364 2190 465 2228 tium
486 2202 635 2228 annum
658 2189 941 2239 retinuerunt,
971 2190 1101 2228 donec
1129 2190 1263 2229 inviso
1295 2202 1437 2229 eorum
1468 2189 1641 2241 imperio
1671 2189 1792 2229 finem
1821 2188 1970 2228 adtulit
1997 2188 2123 2228 libido

362 2246 437 2298 Ap.
458 2244 632 2284 Claudii.
671 2245 843 2297 quicum
862 2246 900 2284 in
923 2257 1104 2284 amorem
1122 2245 1335 2296 Virginiae
1357 2246 1530 2296 virginis
1553 2245 1783 2293 incidisset,
1806 2245 2035 2297 summisso,
2056 2245 2124 2297 qui

366 2314 453 2341 eam
478 2302 517 2340 in
541 2302 786 2341 servitutem
810 2307 988 2354 peteret,
1011 2302 1301 2341 necessitatem
1319 2302 1426 2354 patri
1444 2302 1532 2341 eius
1550 2300 1748 2352 Verginio
1766 2301 1961 2354 inposuit.
1990 2300 2124 2353 Rapto

363 2370 416 2397 ex
446 2357 618 2397 taberna
648 2358 833 2410 proximu
864 2358 998 2397 cultro
1030 2357 1154 2397 filiam
1178 2358 1349 2407 occidit,
1381 2370 1470 2397 cum
1491 2357 1615 2397 aliter
1636 2355 1745 2397 effici
1768 2369 1847 2396 non
1878 2361 2040 2409 posset,
2070 2368 2121 2395 ne

364 2414 403 2452 in
429 2419 680 2466 potestatem
705 2419 890 2466 stuprum
914 2414 1085 2453 inlaturi
1108 2415 1283 2454 veniret.
1326 2415 1402 2453 hoc
1425 2420 1507 2453 tam
1527 2425 1697 2464 magnae
1719 2413 1910 2452 luxuriae
1933 2411 2121 2464 exemplo

363 2470 479 2522 plebs
511 2470 716 2509 concitata
753 2475 934 2509 montem
957 2470 1205 2509 Aventinum
1229 2471 1446 2522 occupavit
1468 2470 1686 2521 coegitque
1716 2468 1974 2507 decemviros
2010 2468 2124 2508 abdi·

364 2537 458 2564 care
482 2538 527 2564 se
548 2526 811 2575 magistratu.
852 2539 904 2565 ex
930 2525 1076 2579 quibus
1099 2526 1275 2578 Appius,
1305 2527 1373 2578 qui
1395 2525 1611 2577 praecipue
1634 2536 1805 2576 poenam
1827 2529 2057 2575 meruerat,
2079 2524 2119 2564 in

365 2593 575 2619 carcerem
606 2582 818 2620 coniectus
849 2588 938 2629 est3
971 2582 1101 2620 ceteri
1124 2582 1161 2620 in
1186 2582 1357 2621 exilium
1380 2586 1476 2620 sunt
1496 2580 1592 2619 acti.
1643 2592 1711 2618 res
1734 2585 1952 2632 praeterea
1973 2585 2121 2619 contra

362 2635 539 2675 Sabinos
576 2642 618 2675 et
649 2636 825 2675 Vulscos
863 2649 1062 2689 prospere
1099 2643 1241 2687 gestas
1282 2637 1467 2675 continet
1496 2642 1539 2675 et
1568 2648 1708 2688 parum
1738 2636 1953 2675 honestum
1979 2635 2120 2689 populi

362 2691 533 2732 Romani
564 2692 770 2742 iudicium,
802 2693 868 2744 qui
898 2693 1019 2731 iudex
1042 2693 1151 2731 inter
1173 2693 1378 2732 Ardeates
1402 2698 1444 2731 et
1465 2692 1658 2731 Aricinos
1681 2697 1866 2745 sumptus
1887 2703 2044 2743 agrum,
2066 2691 2116 2731 de

365 2761 443 2800 quo
466 2748 762 2798 ambigebatur,
784 2747 862 2786 sibi
884 2748 1149 2788 adiudicavit.

1075 2914 1161 2954 EX
1194 2914 1302 2955 [ΑΒ.
1338 2914 1406 2957 lV.

478 2985 565 3026 Lex
603 2987 652 3025 de
685 2985 858 3025 conubio
888 2991 1049 3038 patrum
1077 2991 1119 3025 et
1148 2984 1278 3037 plebis
1313 2998 1334 3025 a
1365 2986 1541 3025 tribunis
1570 2985 1834 3025 contentione
1869 2997 2014 3036 magna
2041 2997 2115 3038 pa-

366 3043 497 3083 tribus
535 3042 860 3094 repugnantibus
895 3042 1058 3094 perlata
1095 3046 1173 3080 est.
1244 3041 1457 3081 tribuni**
1496 3040 1642 3094 plebis.
1699 3041 1855 3094 aliquot
1882 3053 2012 3081 annos
2043 3053 2112 3082 res

364 3099 504 3152 populi
525 3098 695 3138 Romani
723 3099 829 3137 domi
858 3098 1110 3150 militiaeque
1139 3109 1213 3149 per
1248 3098 1323 3136 hoc
1359 3110 1488 3148 genus
1510 3097 1776 3148 magistratus
1798 3097 2112 3137 administratae

367 3160 477 3194 sunt.
519 3155 615 3193 item
646 3167 843 3193 censores
867 3160 962 3193 tunc
983 3155 1154 3206 primum
1178 3154 1306 3192 creati
1336 3159 1446 3193 sunt.
1486 3165 1587 3204 ager
1606 3153 1855 3193 Ardeatibus
1884 3153 2022 3206 populi
2051 3154 2114 3193 iu-

367 3211 471 3249 dicio
500 3210 662 3250 ablatus
692 3211 827 3250 missis
857 3211 896 3249 in
927 3223 1018 3249 eum
1049 3209 1209 3248 colonis
1233 3209 1455 3249 restitutus
1477 3215 1555 3249 est.
1597 3222 1686 3249 cum
1707 3206 1812 3249 fame
1834 3210 2007 3263 populus
2029 3208 2111 3249 Ro-

365 3278 508 3305 manus
537 3266 770 3318 laboraret,
800 3266 972 3318 Spurius
994 3265 1169 3305 Maelius
1200 3277 1325 3317 eques
1348 3265 1554 3306 Romanus
1583 3263 1831 3320 frumentum
1858 3265 2008 3320 populo
2038 3278 2113 3306 sua

2202 99 2212 106 .,
2169 0 2211 65 021
