2221 3537
167 242 200 268 ι.
227 234 295 268 cu.
323 235 402 267 uo.
803 218 963 261 LIBER
994 218 1062 262 ΙΙΙ.
1109 219 1225 260 CAP.
1251 222 1320 261 48.
1872 227 1937 271 95

167 351 404 401 submove
445 349 661 406 turbam,
696 354 744 396 et
775 348 835 396 da
869 348 994 397 viam
1032 347 1235 396 domino
1278 349 1335 397 ad
1374 350 1713 413 prendendum
1754 351 1938 400 manci-

165 422 348 487 pium.“
385 435 493 470 cum
529 420 647 468 haec
685 418 982 468 intonuisset
1016 419 1187 482 plenus
1215 418 1327 476 irae,
1356 419 1612 468 multitudo
1641 422 1746 485 ipsa
1774 439 1826 470 se
1852 437 1938 471 sua

167 498 345 557 sponte
371 490 597 545 dimovit,
634 489 924 554 desertaque
959 489 1135 552 praeda
1170 488 1372 537 iniuriae
1411 491 1562 552 puella
1601 493 1771 540 stabat.
1831 501 1932 541 tum

166 560 435 627 Verginius,
461 560 544 609 ubi
572 559 689 609 nibil
716 575 922 624 usquam
951 560 1111 608 auxilii
1134 559 1265 617 vidit,
1293 574 1525 623 „quaeso,
1556 562 1744 624 “inquit
1765 565 1937 627 Appi,

163 632 377 698 primum
422 632 619 696 ignosce
664 631 820 695 patrio
856 630 1045 688 dolori,
1080 630 1121 679 si
1167 645 1262 694 quo
1292 630 1627 679 inclementius
1656 633 1703 679 in
1745 640 1788 680 te
1827 650 1936 682 sum

164 703 411 762 invectus,
446 701 619 751 deinde
659 702 790 750 sinas
818 701 896 750 hic
945 716 1110 750 coram
1150 701 1334 764 virgine
1369 701 1607 749 nutricem
1648 705 1938 765 percontari,

162 773 277 838 quid
299 773 394 822 hoc
414 773 480 822 rei
502 773 577 830 sit,
604 779 672 830 ut,
701 773 742 821 si
763 772 885 822 falso
908 779 1044 836 pater
1065 772 1222 821 dictus
1245 788 1373 827 sum,
1397 772 1622 836 aequiore
1645 773 1756 821 hinc
1776 774 1936 821 animo

162 844 459 901 discedamff
504 844 613 892 data
635 844 769 892 venia
791 843 978 892 seducit
1005 843 1147 892 liliam
1170 859 1224 892 ac
1250 843 1485 892 nutricem
1510 859 1664 907 prope
1686 844 1938 893 Cloacinae

161 915 219 965 ad
254 914 509 973 tabernaS,
547 914 722 978 quibus
757 929 890 963 nunc
921 914 1060 963 novis
1096 922 1172 963 est
1206 929 1416 972 nomen,
1453 922 1596 978 atque
1630 914 1693 963 ibi
1730 915 1788 963 ab
1808 915 1935 963 lanio

162 986 316 1036 cultro
356 992 548 1050 arrepto
584 986 712 1044 „hoc
754 993 798 1035 te
834 999 933 1034 uno
971 1000 1066 1049 quo
1104 992 1341 1049 possum“
1379 986 1445 1034 ait
1480 985 1691 1042 „mod0,
1733 986 1849 1042 lilia,
1887 986 1935 1035 in

159 1056 424 1106 libertatem
477 1057 720 1106 vindico.“
790 1064 959 1121 pectus
1003 1057 1176 1105 deinde
1219 1056 1404 1120 puellae
1452 1057 1719 1119 transfigit,
1765 1072 1934 1121 respe-

161 1133 395 1192 ctansque
420 1128 476 1176 ad
506 1127 714 1177 tribunal
742 1134 873 1187 „te“,
902 1127 1059 1191 inquit
1079 1127 1250 1195 „Appi‚
1279 1134 1511 1190 tuumque
1535 1135 1679 1191 caput
1702 1128 1934 1190 sanguine

160 1198 257 1248 hoc
306 1204 595 1247 consecro.“
663 1198 873 1247 clamore
921 1198 978 1246 ad
1025 1204 1123 1246 tam
1174 1205 1310 1246 atrox
1360 1198 1548 1246 facinus
1595 1206 1702 1246 orto
1748 1199 1929 1247 excitus

159 1267 349 1333 Appius
385 1268 658 1333 conprendi
696 1268 974 1331 Verginium
1011 1268 1157 1317 iubet.
1218 1268 1293 1316 ille
1327 1267 1459 1316 ferro
1496 1284 1804 1332 quacumque
1838 1268 1936 1318 ibat

158 1339 283 1388 viam
320 1340 500 1397 facere,
538 1339 696 1388 donec
731 1339 1039 1388 multitudine
1074 1338 1216 1388 etiam
1247 1339 1648 1403 prosequentium
1677 1346 1841 1387 tuente
1876 1340 1934 1388 ad

157 1416 351 1475 portam
374 1410 598 1475 perrexit.
643 1409 803 1459 Icilius
825 1409 1226 1473 Numitoriusque
1245 1425 1462 1473 exangue
1485 1425 1665 1473 corpus
1688 1410 1929 1459 sublatum

159 1487 407 1531 ostentant
425 1482 633 1545 populo;
654 1481 813 1530 scelus
835 1480 976 1546 Appi,
998 1480 1184 1545 puellae
1204 1481 1444 1529 infelicem
1464 1481 1694 1538 formam,
1719 1481 1928 1530 necessi-

158 1559 306 1602 tatem
349 1553 499 1616 patris
546 1552 815 1617 deplorant.
874 1560 1133 1616 sequentes
1170 1552 1417 1601 clamitant
1451 1560 1727 1609 matronae,
1763 1567 1933 1601 eamne

160 1623 427 1672 liberorum
472 1624 888 1688 procreandorum
930 1622 1294 1679 condicionem,
1331 1625 1390 1672 'ea
1427 1623 1683 1687 pudicitiae
1723 1624 1933 1687 praemia

159 1709 291 1753 esse,
320 1700 503 1748 cetera,
539 1709 660 1759 quae
702 1695 751 1742 in
780 1693 856 1742 tali
887 1709 937 1742 re
964 1693 1210 1743 muliebris
1251 1694 1414 1754 dolor,
1453 1710 1548 1758 quo
1590 1701 1663 1742 est
1702 1694 1932 1743 maestior

159 1763 379 1814 inbecillo
413 1764 602 1822 animo,
631 1780 688 1813 eo
715 1764 1004 1814 miserabilia
1032 1764 1184 1828 magis
1213 1765 1527 1828 querentibus
1556 1764 1745 1813 subicit.
1800 1766 1930 1814 viro-

159 1851 270 1885 rum
307 1842 356 1885 et
389 1835 600 1884 maxime
636 1836 732 1885 Icili
771 1851 861 1884 vox
887 1842 989 1884 tota
1015 1835 1298 1885 tribuniciae
1325 1837 1580 1901 potestatis
1609 1852 1665 1884 ac
1691 1852 1931 1900 provoca-

157 1961 214 2002 da
240 1963 351 2003 viam
380 1964 470 2003 hier
498 1963 577 2003 wie
593 1966 753 2017 facere
780 1966 889 2004 viam
927 1976 1000 2014 ge·
1089 1977 1201 2004 nunc
1222 1970 1318 2014 etc„
1343 1977 1376 2003 s,
1401 1964 1569 2004 Einleit.
1593 1964 1635 2003 S.
1661 1963 1698 2003 8.
1721 1986 1776 1993 —
1796 1967 1930 2014 noris,

157 2018 351 2059 brancht:
375 2020 497 2067 offae,
521 2021 752 2060 verschall'e
774 2021 851 2060 den
872 2019 998 2071 weg,

157 2073 332 2127 zugang
352 2089 456 2116 usW.
479 2099 535 2106 -
560 2077 806 2132 prendend„
836 2090 902 2117 um
932 2077 997 2117 die

156 2131 301 2173 ductio
322 2131 617 2174 auszul‘iiliren.
644 2156 700 2163 —
727 2136 997 2188 mancipium,

156 2189 295 2229 dieses
324 2190 380 2230 ist
402 2189 601 2241 Verginia
625 2191 879 2241 wenigstens
902 2204 1000 2230 vor·

155 2245 299 2297 liiutig.
323 2269 376 2275 —
397 2249 664 2299 intonuisset,
695 2248 768 2287 mit
789 2248 998 2287 donner-n-

156 2303 232 2342 ἀει·
271 2302 444 2343 Stimme
486 2302 657 2355 gerufen
704 2306 831 2357 hatte,
872 2306 998 2345 daher

154 2359 270 2410 haec,
291 2367 413 2400 sonst
435 2360 490 2400 ist
510 2362 707 2401 intonare
727 2362 981 2401 intransitiv.

212 2415 310 2457 4-5.
340 2419 516 2470 ignosce
534 2441 562 2446 -
578 2420 710 2467 sinas,
733 2418 817 2469 vgl.
837 2418 903 2464 21,
931 2418 996 2469 18,

159 2472 231 2514 12:
255 2475 442 2514 omittite
471 2478 511 2514 et
530 2497 557 2502 -
575 2477 734 2529 pariat.
756 2498 811 2504 —
834 2477 874 2515 si
899 2488 995 2528 quo,

156 2542 190 2568 s.
214 2528 282 2582 37,
304 2529 370 2583 52,
393 2531 437 2570 6:
466 2533 607 2584 siquo
635 2533 785 2586 possit,
813 2532 896 2582 vgl.
927 2532 995 2581 40,

157 2585 225 2636 26,
248 2585 286 2625 8.
315 2609 372 2616 —
404 2586 622 2628 Cloacinae
651 2602 688 2627 n.
718 2601 903 2642 sacrum,
931 2601 994 2628 am

158 2641 326 2694 Forum,
355 2655 388 2682 s.
412 2643 577 2683 Bekker
603 2644 637 2690 1,
667 2643 771 2687 321:
803 2645 998 2685 Cloact‘ua

156 2699 212 2739 ist
234 2699 299 2739 ein
325 2699 513 2739 Beiname
536 2701 610 2739 der
625 2699 779 2754 Venus,
802 2701 908 2742 Plin.
932 2702 997 2754 15,

156 2753 226 2806 29,
252 2755 353 2796 119:
383 2759 444 2796 ita
475 2756 680 2806 tradetur,
706 2762 876 2812 myrtea
902 2771 994 2799 ver-

155 2814 260 2853 bena
308 2812 523 2854 Romanos
570 2812 850 2868 Sabinosque,
900 2828 996 2856 cum

151 2872 332 2924 propter
374 2874 523 2925 raptae
563 2873 754 2923 virginee
794 2871 997 2914 dimicare

156 2925 406 2977 voluissent,
435 2927 641 2982 depositis
669 2931 803 2967 arme‘s
828 2942 996 2982 purga-

157 2987 223 3024 tos
249 2984 295 3023 in
323 2997 371 3023 eo
399 2984 501 3033 Ioco,
533 2986 606 3038 qui
624 2997 736 3024 nunc
762 2987 888 3037 signa
909 2986 954 3027 V
955 3000 998 3026 e-

153 3041 273 3080 neris
303 3039 527 3082 Cluacinae
553 3042 689 3090 habel,
721 3042 859 3082 cluere
886 3046 997 3083 enim

154 3098 319 3150 meliqm‘
334 3110 527 3153 purgare
553 3098 758 3148 dicebant,
790 3112 823 3138 s.
860 3099 894 3147 1,
926 3099 994 3150 33,

155 3153 203 3198 55,
226 3154 442 3195 vielleicht
464 3155 602 3195 sulii-te
625 3168 714 3194 inan
738 3154 813 3194 auf
837 3157 899 3195 sie
928 3157 993 3197 die

154 3208 505 3263 Trockeulegung
541 3213 623 3252 und
656 3212 885 3263 lle-inigung
918 3214 991 3254 des

156 3265 310 3308 Forum
351 3269 531 3316 zuriick;
585 3269 749 3310 Preller
789 3268 885 3310 356.
931 3293 990 3314 .—

1089 2034 1138 2061 an
1161 2022 1237 2061 der
1258 2020 1485 2061 Nordseite
1515 2022 1588 2060 des
1612 2020 1776 2071 Forum,
1808 2034 1840 2060 s.
1865 2021 1933 2072 27,

1093 2077 1157 2130 11,
1183 2077 1246 2117 16.
1273 2101 1322 2109 —
1345 2081 1510 2133 caputq.
1534 2079 1590 2117 ist
1610 2077 1673 2117 als
1702 2078 1777 2117 der
1805 2078 1932 2117 wich-

1089 2135 1216 2185 tigste
1235 2134 1370 2183 Theil,
1394 2148 1428 2175 s.
1452 2134 1519 2185 30,
1542 2134 1607 2184 20,
1643 2134 1677 2185 7,
1710 2147 1760 2174 zu
1790 2138 1830 2174 te
1857 2147 1931 2185 ge-

1088 2189 1193 2242 stigt,
1215 2192 1317 2231 auch
1337 2191 1433 2238 wol,
1459 2191 1554 2231 weil
1579 2192 1645 2230 die
1670 2189 1931 2231 Bennsormel

1089 2261 1195 2288 war:
1241 2252 1367 2302 eaput
1403 2247 1583 2288 alicuius
1619 2260 1795 2287 sacrare
1831 2249 1932 2287 oder

1087 2317 1352 2354 consecrare,
1376 2317 1410 2343 s.
1435 2317 1469 2344 c.
1494 2304 1561 2353 55,
1598 2304 1642 2343 7:
1674 2304 1713 2353 2,
1745 2308 1782 2353 b,
1814 2304 1851 2344 2.
1877 2328 1926 2333 —

1086 2364 1297 2414 sanguine
1320 2362 1375 2409 ,ἰ.,
1398 2362 1476 2400 wie
1493 2361 1594 2400 auch
1614 2367 1732 2400 sonst
1750 2361 1814 2400 die
1833 2374 1929 2400 con·

1087 2419 1271 2458 secr-atio
1293 2425 1417 2457 unter
1438 2418 1698 2457 bestimmten
1721 2417 1929 2468 Formeln,

1086 2488 1120 2515 s.
1145 2475 1276 2527 Marq.
1297 2475 1336 2523 4,
1359 2474 1456 2523 229,
1488 2475 1567 2514 und
1591 2474 1747 2527 Opsern
1772 2474 1929 2525 ersolg-

1086 2538 1142 2583 te,
1165 2545 1199 2572 s.
1227 2532 1290 2582 10,
1313 2531 1378 2571 38.

1146 2646 1241 2685 7-9.
1275 2646 1451 2699 ἡμᾶς,
1474 2645 1537 2684 als
1560 2645 1625 2684 die
1650 2644 1832 2686 L‘rsacbe
1854 2645 1926 2684 des

1089 2701 1314 2754 Ungliicks‚
1352 2702 1451 2742 Tac.
1476 2703 1581 2742 Anu.
1616 2702 1654 2751 2,
1685 2703 1749 2741 75.
1781 2723 1837 2730 ——·
1857 2716 1928 2742 ue·

1087 2763 1252 2810 cessit„
1295 2761 1359 2799 die
1392 2759 1678 2799 schreckliclie
1716 2758 1842 2808 Lege.
1873 2781 1928 2787 —

1085 2818 1314 2864 clamitant,
1351 2817 1517 2856 absolut
1546 2829 1597 2855 zu
1628 2816 1822 2854 nebim-n:
1855 2815 1929 2854 der

1086 2871 1280 2923 folgende
1312 2873 1516 2924 Fragsatz
1554 2873 1609 2912 ist
1646 2873 1756 2911 nicht
1792 2873 1923 2910 davon

1085 2930 1311 2981 abhiingig,
1362 2931 1456 2970 weil
1507 2943 1553 2969 er
1601 2935 1720 2968 sonst
1761 2929 1923 2967 beissen

1087 2988 1230 3027 wiirde
1253 2988 1331 3026 wie
1355 3001 1389 3027 c.
1412 2987 1480 3035 39,
1513 2988 1551 3030 9.
1584 2986 1664 3035 vgl.
1688 2986 1726 3032 4,
1756 2985 1823 3029 43,
1862 2985 1923 3023 lo.

1085 3066 1140 3073 —
1161 3048 1377 3091 maestior,
1403 3044 1448 3095 je
1479 3042 1658 3091 hestiae:-
1687 3042 1761 3080 ἀει·
1781 3043 1923 3080 innere

1086 3100 1284 3141 Schmerz
1307 3101 1457 3150 (dolori
1482 3100 1543 3138 bei
1572 3102 1662 3138 dem
1689 3097 1851 3146 mange!
1873 3109 1922 3135 an

1084 3157 1540 3205 Selbstbeherrscbung
1583 3153 1833 3200 «imbecillus
1883 3153 1922 3192 in

1087 3213 1265 3254 Worten
1290 3228 1328 3253 u.
1355 3215 1399 3253 A.
1430 3213 1691 3252 hervortrilt.
1725 3233 1772 3238 —
1807 3211 1923 3249 subi-

1083 3274 1152 3321 cit,
1179 3271 1214 3322 1,
1238 3271 1305 3321 59,
1329 3271 1391 3309 ll.
1415 3291 1470 3298 —-
1493 3272 1582 3308 totu
1605 3268 1717 3318 trib„
1747 3267 1922 3317 gehiirte

1974 855 1997 893 5

1969 1209 1994 1249 6
