2221 3537
138 298 174 322 ο.
201 289 268 323 Oh.
295 289 373 322 ³90.

774 271 932 314 LIBER
972 270 1019 311 V.
1083 271 1201 312 CAP.
1227 272 1293 312 52.

1804 268 1904 318 365

136 426 310 465 novos.
362 406 483 459 Iuno
517 407 680 475 regina
714 409 985 459 transvecta
1019 422 1045 459 a
1073 406 1179 458 Veis
1220 419 1377 474 nuper
1411 403 1459 458 in
1487 399 1721 457 Aventino
1758 416 1903 470 quam

134 485 320 552 insigni
345 484 409 535 ob
433 481 669 534 excellens
696 487 1027 531 matronarum
1051 480 1266 529 studium
1289 479 1561 543 celebrique
1589 477 1802 527 dedicata
1832 483 1906 524 est

130 555 239 606 die!
278 557 366 606 Aio
394 554 595 604 Locutio
622 552 856 618 templum
884 556 1086 616 propter
1106 552 1357 602 caelestem
1380 566 1544 603 vocem
1566 548 1834 599 exauditam
1858 546 1906 596 in
1945 549 1991 591 ll

131 626 268 676 Nova
293 626 365 675 via
391 625 626 675 iussimus
654 625 780 683 fieri3
806 620 1106 688 Capitolinos
1133 622 1277 672 ludos
1305 623 1622 674 sollemnibus
1644 623 1746 673 aliis
1768 620 1906 672 addi-

127 695 320 755 dimuS,
357 696 706 761 collegiumque
741 695 799 744 ad
836 694 882 744 id
919 709 1100 743 novum
1137 700 1331 743 auctore
1369 703 1541 744 senatu
1570 694 1903 744 condidimus:

127 766 249 832 quid
276 767 453 817 horum
477 783 601 832 opus
623 767 714 816 fuit
734 765 938 830 suscipi,
960 766 1000 814 si
1022 780 1116 814 una
1140 781 1249 814 cum
1272 766 1417 814 Gallis
1441 765 1610 814 urbem
1635 766 1904 814 Romanam
1946 773 1996 813 12

132 837 347 887 relicturi
382 837 587 896 fuimuS,
626 838 665 887 si
692 852 792 886 non
820 837 1063 886 voluntate
1091 836 1360 885 mansimus
1388 836 1435 885 in
1457 835 1694 900 Capitolio
1722 850 1809 899 per
1834 842 1906 883 tot

135 922 328 958 menses
357 907 645 967 obsidioniS,
675 908 715 957 si
742 908 799 957 ab
827 908 1052 957 hostibus
1081 915 1213 956 metu
1242 908 1412 956 retenti
1441 903 1651 956 sumus?
1673 905 1731 954 de
1754 904 1904 954 sacris
1945 915 1994 956 13

134 977 384 1043 loquimur
417 989 464 1027 et
498 979 555 1027 de
590 979 802 1042 templis.
855 978 966 1042 quid
1006 978 1201 1027 tandem
1240 979 1298 1027 de
1326 974 1701 1027 sacerdotibus?
1740 990 1907 1024 nonne

135 1049 183 1098 in
204 1055 416 1098 mentem
441 1050 583 1109 venit,
604 1056 838 1114 quantum
857 1048 1030 1113 piaculi
1048 1046 1417 1097 committatur?
1440 1046 1714 1096 Vestalibus
1731 1061 1907 1110 nempe

132 1134 230 1170 ¹una
267 1119 341 1169 illa
377 1120 518 1168 sedes
556 1127 651 1179 est,
689 1136 746 1168 ex
782 1136 876 1184 qua
912 1135 993 1168 eas
1022 1119 1139 1168 nihil
1166 1134 1396 1184 umquam
1425 1125 1761 1183 praeterquam
1791 1117 1907 1166 urbs

134 1196 272 1256 capta
307 1190 474 1239 movit.
534 1191 716 1239 flamini
753 1190 872 1239 Diali
911 1196 1106 1238 noctem
1145 1204 1291 1239 unam
1332 1204 1528 1238 manere
1563 1194 1694 1237 extra
1729 1187 1905 1236 urbem

134 1261 269 1310 nefas
305 1266 404 1310 est:
449 1261 540 1309 hos
571 1261 789 1309 Veientes
826 1276 916 1324 pro
947 1260 1184 1309 Romanis
1219 1260 1391 1308 facturi
1429 1260 1545 1308 estis
1588 1255 1907 1307 sacerdotes?

134 1337 182 1379 et
206 1330 420 1380 Vestales
448 1337 559 1380 tuae
585 1336 631 1379 te
658 1331 892 1388 deserent,
921 1328 1101 1378 Vesta?
1142 1336 1190 1378 et
1214 1331 1391 1378 flamen
1418 1343 1617 1393 peregre
1643 1328 1906 1376 habitando
1948 1336 1999 1377 14

129 1401 182 1450 in
208 1401 421 1466 singulas
449 1406 617 1450 noctes
646 1407 835 1450 tantum
864 1400 955 1448 sibi
983 1399 1147 1464 reique
1175 1399 1393 1464 publicae
1420 1398 1595 1463 piaculi
1617 1395 1907 1447 contrahet?

126 1471 251 1536 quid
277 1471 381 1530 alia,
408 1486 528 1536 quae
555 1471 806 1536 auspicato
833 1470 1020 1534 agimus
1051 1471 1215 1519 omnia
1240 1470 1342 1518 fere
1363 1469 1485 1519 intra
1498 1469 1803 1533 pomerium,
1833 1468 1908 1517 cui
1948 1476 1998 1516 15

128 1541 367 1591 oblivioni
396 1548 477 1591 aut
503 1542 579 1591 cui
607 1542 930 1606 neglegentiae
957 1539 1169 1590 damus?
1209 1540 1402 1590 comitia
1431 1540 1626 1596 curiata,
1656 1555 1777 1603 quae
1803 1554 1907 1588 rem

134 1612 387 1662 militarem
426 1613 696 1672 continent,
733 1612 926 1661 comitia
963 1612 1251 1668 centuriata,
1289 1611 1465 1675 quibus
1494 1610 1722 1659 consules
1750 1610 1907 1659 tribu·
1948 1615 1998 1657 16

129 1697 325 1747 nosque
346 1682 574 1732 militares
598 1683 787 1745 creatiS,
810 1682 894 1732 ubi
917 1683 1184 1747 auspicat0‚
1207 1681 1300 1730 nisi
1321 1682 1402 1730 ubi
1420 1680 1654 1738 adsolent,
1671 1680 1771 1729 lieri
1788 1697 1907 1745 pos-

131 1797 196 1837 als
240 1797 522 1837 vermindern.
566 1820 620 1826 -—
662 1796 791 1836 relict.
818 1798 974 1849 suini„

133 1865 254 1893 wenu
287 1853 364 1893 wir
390 1854 493 1893 doch
532 1854 597 1893 die
627 1853 802 1893 Absicht
834 1854 974 1892 hatten

133 1910 231 1959 (und
253 1911 358 1950 noch
380 1909 545 1960 haben),
567 1910 652 1960 vgl.
675 1909 744 1960 40,
772 1909 834 1958 14,
858 1910 897 1949 4.
920 1931 975 1938 -

135 1969 198 2007 tot
216 1979 364 2018 mem„
385 1979 419 2006 s.
441 1967 478 2006 d.
503 1967 636 2006 Stelle
653 1978 728 2005 aus
752 1965 897 2019 Polyb.
921 1978 974 2004 zu

127 2036 170 2062 c.
192 2022 246 2062 49
268 2023 348 2062 und
371 2023 436 2062 die
459 2022 673 2063 Periocha.
693 2024 803 2061 —si
817 2023 884 2073 ab,
907 2022 973 2061 die

134 2080 328 2132 'Anapher
374 2081 550 2119 vertritt
597 2080 674 2118 den
720 2078 974 2131 Gegensatz,

133 2135 219 2185 vgl.
243 2149 278 2175 c.
302 2135 341 2184 9,
365 2135 410 2175 δε
435 2135 524 2176 sed.

195 2190 358 2231 13-14.
392 2192 443 2232 de
463 2195 600 2233 saeris
620 2192 714 2244 loq.,
745 2204 777 2232 s.
802 2205 837 2230 c.
862 2192 906 2244 5,
930 2191 973 2231 7:

130 2247 283 2300 ioquor
310 2248 362 2288 de
392 2261 530 2303 opere.
560 2272 615 2277 —
643 2248 696 2288 de
715 2248 901 2296 sacerd,
934 2248 974 2286 in

133 2303 306 2354 {sets-eff,
329 2317 363 2344 s.
386 2305 425 2355 4,
447 2305 515 2356 43,
535 2306 578 2344 5:
602 2317 692 2344 rem
708 2304 780 2352 de3
804 2303 975 2344 Terent.

134 2359 235 2400 Hec.
266 2359 313 2412 2,
340 2361 381 2411 1,
411 2360 483 2401 36:
515 2361 566 2402 de
589 2365 627 2401 te
649 2360 837 2413 quidem,
868 2363 976 2400 satis

135 2419 240 2467 scio,
267 2417 481 2472 peccando
517 2417 763 2457 detrimenti
794 2417 858 2456 nil
870 2418 980 2470 fieri

134 2476 291 2528 potest.
326 2496 382 2503 —
416 2477 641 2524 commith,
679 2488 718 2513 n.
749 2486 868 2513 wenn
901 2474 979 2513 wir

136 2530 428 2569 auswandern.
449 2553 506 2560 —
524 2533 659 2571 movit
681 2544 719 2570 n.
743 2544 836 2579 eas,
861 2529 906 2579 3,
939 2529 978 2582 3,

139 2585 178 2627 7.
206 2585 460 2638 —flamini
484 2587 536 2627 D.
570 2593 676 2637 etc.,
720 2586 763 2635 1,
801 2586 877 2634 2Ο;
910 2586 977 2635 27,

135 2641 178 2693 8,
195 2641 243 2690 63
263 2649 354 2681 erst
370 2643 513 2695 spiiter
530 2648 615 2683 trat
632 2644 723 2683 eine
741 2642 979 2694 Milderung

138 2699 279 2738 dieser
301 2699 580 2749 Bestimmung
601 2700 686 2750 ein,
712 2698 849 2741 Tacit.
872 2700 976 2740 Ann.

134 2753 186 2805 3,
219 2755 294 2803 713
328 2754 437 2795 Gell.
473 2755 746 2806 10,15,14,
776 2756 852 2795 der
877 2756 978 2795 aber

141 2811 251 2851 nicht
280 2824 359 2851 von
391 2813 466 2851 der
487 2811 785 2852 Abwesenheit
807 2824 882 2852 aus
904 2813 980 2851 der

139 2867 262 2907 Stadt
290 2869 460 2921 spricht.
492 2891 548 2897 —
567 2881 670 2923 pro,
694 2867 739 2916 3,
764 2867 838 2918 71,
862 2868 900 2907 7.
923 2889 980 2898 —

135 2925 281 2976 reique
298 2925 424 2978 publ„
448 2926 497 2964 da
521 2925 581 2964 sie
602 2924 840 2963 offentliche
864 2923 981 2964 Prie-

139 2985 230 3020 ster
256 2993 418 3033 waren,
448 2981 516 3020 fiel
546 2982 611 3021 die
643 2981 838 3031 religiose
868 2980 982 3021 Ver-

140 3036 369 3088 scbuldung
414 3037 671 3092 (piaculum)
711 3038 800 3076 dem
836 3036 979 3077 Stante

141 3106 218 3132 zur
247 3092 370 3145 Last,
401 3095 482 3134 und
513 3095 653 3134 dieser
682 3094 795 3133 hiitte
827 3093 978 3133 biissen

139 3149 321 3201 missen,
345 3163 378 3190 s.
407 3151 441 3200 1,
466 3150 532 3199 26,
560 3150 623 3190 12.

202 3205 264 3245 16.
304 3220 411 3260 quae
438 3220 529 3247 rem
557 3221 611 3247 m.
643 3219 698 3258 c.,
729 3206 800 3245 das
831 3206 870 3244 in
901 3205 980 3245 den

136 3260 478 3303 Curiatcomitien
524 3264 651 3303 durch
697 3263 762 3302 die
801 3262 868 3301 lex
906 3275 981 3302 cu-

136 3318 268 3369 riata,
290 3331 324 3358 s.
348 3333 382 3359 c.
405 3320 480 3371 46,
508 3320 581 3370 11,
603 3320 679 3359 den
705 3318 979 3369 Magistraten

1066 1796 1262 1836 ertheilte
1302 1796 1518 1848 imperium
1555 1792 1756 1834 umfasste
1794 1807 1909 1833 zwar

1065 1853 1168 1891 auch
1207 1853 1272 1892 die
1312 1854 1483 1892 h'ochste
1525 1851 1791 1891 ricbterliche
1824 1850 1908 1890 Ge-

1066 1909 1188 1959 walt,
1220 1910 1333 1948 batte
1362 1909 1476 1960 aber,
1505 1909 1554 1948 da
1584 1908 1697 1947 diese
1728 1907 1793 1947 bei
1817 1907 1908 1946 Cri-

1065 1965 1400 2016 minalvergehen
1439 1963 1512 2004 auf
1533 1965 1605 2004 das
1636 1963 1746 2003 Volk
1783 1963 1911 2003 iiber-

1066 2034 1281 2073 gegangen
1312 2034 1421 2070 war,
1458 2020 1703 2071 vorziiglicb
1740 2017 1807 2059 fiir
1836 2021 1909 2060 das

1065 2077 1362 2129 Rriegswesen
1395 2078 1658 2127 Bedeutung;
1691 2076 1849 2116 Becker
1871 2076 1910 2123 2,

1070 2134 1121 2186 1,
1169 2134 1280 2185 3323
1332 2134 1471 2185 Lange
1518 2134 1561 2184 1,
1607 2132 1703 2173 232.
1743 2156 1800 2162 —
1840 2134 1914 2173 ubi

1065 2190 1172 2240 ads„
1194 2191 1262 2240 40,
1287 2191 1353 2241 54,
1376 2190 1415 2231 8.
1467 2190 1541 2230 Die
1563 2190 1727 2229 comitia
1749 2190 1912 2229 curiata

1067 2248 1156 2287 sind
1194 2249 1268 2287 mit
1296 2248 1534 2287 Ausnabme
1572 2248 1645 2286 des
1683 2260 1718 2285 c.
1748 2246 1825 2298 46,
1860 2246 1910 2285 10

1067 2304 1309 2343 erwiihnten
1330 2303 1469 2344 Falles
1491 2301 1565 2342 auf
1583 2304 1671 2342 dem
1692 2301 1910 2342 Comitium

1068 2361 1261 2411 gebalten
1284 2361 1477 2410 worden,
1508 2372 1627 2398 wenn
1659 2359 1762 2398 auch
1791 2359 1909 2398 viell.

1068 2430 1146 2456 nur
1167 2417 1375 2457 bestimmt
1393 2429 1494 2465 war,
1512 2416 1608 2456 dass
1626 2416 1688 2455 sie
1707 2415 1817 2454 nicht
1833 2429 1911 2455 ex·

1070 2477 1139 2513 tra
1159 2476 1399 2529 pomerium
1422 2470 1594 2512 berul'en
1618 2472 1786 2511 werden
1808 2472 1912 2511 diir·

1069 2529 1157 2577 sen,
1182 2531 1246 2570 die
1268 2531 1509 2570 centuriata
1531 2530 1570 2569 in
1595 2529 1670 2568 der
1690 2527 1821 2579 Regel
1842 2527 1917 2567 auf

1068 2587 1159 2626 dem
1205 2584 1455 2634 Marsfelde,
1502 2599 1536 2626 s.
1575 2584 1685 2625 Gell.
1727 2585 1798 2634 15,
1836 2585 1908 2624 27:

1069 2645 1311 2684 centuriata
1338 2645 1510 2684 comitia
1539 2645 1653 2683 intra
1672 2639 1911 2696 pomerium

1059 2701 1169 2754 fieri
1185 2700 1314 2753 nefas
1338 2713 1430 2740 esse
1451 2700 1596 2749 (daher
1617 2698 1643 2751 ξ
1670 2698 1738 2737 15:
1769 2699 1913 2738 omnia

1056 2757 1098 2809 s
1104 2758 1223 2807 ere),
1246 2759 1342 2810 qula
1361 2758 1597 2797 exercitum
1620 2758 1746 2795 extra
1767 2757 1913 2794 urbem

1068 2815 1278 2868 imperari
1313 2816 1521 2868 oporteat.
1572 2812 1677 2850 Dass
1714 2811 1776 2850 sie
1805 2812 1908 2850 auch

1069 2881 1120 2908 an
1157 2870 1338 2909 anderen
1371 2869 1500 2908 Orten
1536 2868 1679 2907 hatten
1714 2867 1910 2916 gehalten

1070 2927 1240 2965 werden
1264 2926 1442 2972 kb'nnen,
1465 2925 1542 2963 wie
1565 2936 1655 2963 man
1679 2935 1753 2962 aus
1770 2922 1809 2975 3,
1832 2923 1909 2973 203

1072 2982 1119 3033 6,
1151 2982 1227 3030 20;
1261 2983 1303 3031 7,
1333 2981 1380 3020 41
1410 2981 1638 3020 schliessen
1665 2977 1776 3028 durs,
1808 2981 1913 3019 wird

1071 3039 1162 3078 hier
1183 3039 1220 3077 in
1245 3038 1410 3077 Abrede
1432 3037 1619 3087 gestent,
1651 3035 1781 3090 Marq.
1804 3036 1842 3086 2,
1872 3035 1913 3088 3,

1073 3093 1149 3142 673
1181 3094 1403 3133 Mommsen
1437 3093 1609 3133 Forsch.
1646 3092 1738 3132 190.
1771 3116 1823 3121 -
1844 3094 1918 3133 ubi

1071 3154 1252 3205 auspic„
1283 3151 1347 3188 die
1370 3149 1542 3189 Curiat·
1571 3150 1652 3188 und
1676 3148 1914 3189 Centuriat·

1073 3207 1263 3246 comitien
1296 3206 1454 3245 ko'nnen
1487 3219 1563 3245 nur
1584 3206 1778 3256 gehalteu
1803 3218 1911 3245 wer-

1072 3264 1171 3309 den,
1203 3275 1323 3301 wenn
1353 3263 1507 3302 vorher
1530 3262 1752 3315 Auspicien
1781 3275 1911 3312 ange·

1073 3318 1189 3359 stelit
1212 3319 1380 3358 worden
1404 3319 1511 3358 sind.
