2221 3537
693 214 854 257 LIBER
888 214 957 256 lv.
1009 214 1128 254 CAP.
1152 215 1217 254 46.
1252 215 1324 255 47.

131 242 166 266 a.
183 231 249 266 ch.
275 229 353 265 418.
1791 213 1887 263 231

131 347 259 414 quod
303 346 564 413 plurimum
606 343 881 393 animorum
919 341 1055 398 fecit,
1099 341 1308 389 dictator
1342 357 1395 389 ex
1435 349 1630 390 senatus
1668 338 1892 389 consulto

132 419 290 469 dictus
317 418 376 477 Q.
404 414 632 466 Servilius
660 413 877 472 I’riscuS,
905 413 987 474 vir,
1017 412 1154 461 cuius
1185 411 1535 475 providentiam
1561 412 1606 460 in
1630 428 1679 460 re
1702 409 1892 475 publica

133 505 242 540 cum
286 487 449 537 multis
494 485 597 534 aliis
641 484 1014 547 tempestatibus
1050 491 1158 532 ante
1193 490 1386 545 experta
1422 481 1583 529 civitas
1621 489 1745 537 erat,
1791 489 1892 529 tum

131 565 305 609 eventu
332 558 437 606 eius
465 556 586 614 belli,
609 555 739 619 quod
771 556 851 603 uni
880 562 1123 604 certamen
1150 552 1458 601 tribunorum
1482 560 1765 615 suspectum
1788 559 1895 600 ante

130 644 232 680 rem
267 627 392 678 male
425 633 608 692 gestam
643 626 814 674 fuerat.
869 625 1100 689 magistro
1135 623 1353 686 equitum
1391 630 1574 677 creato,
1615 639 1637 669 a
1668 638 1762 685 quo
1791 622 1895 685 ipse

130 698 325 750 tribuno
366 698 570 748 militum
609 696 813 745 dictator
850 704 951 744 erat
985 696 1169 751 dictus,
1206 694 1302 742 lilio
1341 709 1431 741 suo
1469 722 1520 726 ——-
1574 701 1622 739 ut
1658 693 1895 740 tradidere

129 770 349 836 quidam:
378 784 490 818 nam
517 767 808 817 aliiAhalam
839 766 1094 816 Servilium
1125 764 1409 828 magistrum
1438 762 1654 826 equitum
1684 779 1739 809 eo
1769 778 1895 811 anno

129 841 283 891 fuisse
311 840 530 890 scribunt
554 867 618 873 —-
649 854 774 887 novo
804 838 1015 887 exercitu
1038 836 1284 901 profectus
1307 835 1364 883 ad
1387 834 1580 890 bellum,
1607 833 1787 885 accitis,
1816 832 1893 895 qui

131 911 327 962 Tusculi
366 917 524 970 erant,
560 909 655 958 duo
693 909 819 958 milia
858 924 1058 973 passum
1095 907 1152 955 ab
1194 907 1333 955 boste
1370 906 1528 954 locum
1557 904 1727 952 castris
1757 904 1896 968 cepit.

134 981 419 1031 Transierat
453 997 506 1029 ex
535 995 585 1029 re
612 981 736 1029 bene
763 987 897 1042 gesta
925 978 1151 1043 superbia
1181 977 1574 1040 neglegentiaque
1601 975 1659 1022 ad
1688 976 1897 1038 Aequos,

133 1068 254 1119 quac
299 1052 347 1101 in
375 1050 608 1101 Romanis
648 1050 848 1098 ducibus
888 1051 1057 1099 fuerat.
1118 1049 1280 1111 itaque
1318 1049 1476 1111 primo
1514 1046 1672 1094 statim
1712 1044 1895 1109 proelio

133 1138 244 1173 cum
280 1123 488 1172 dictator
521 1122 733 1185 equitatu
768 1121 974 1169 inmisso
1013 1120 1359 1182 antesignanos
1398 1118 1613 1166 bostium
1643 1116 1898 1172 turbasset,

131 1194 376 1258 legionum
405 1193 515 1242 inde
543 1194 677 1256 signa
705 1192 869 1240 inferri
898 1207 1105 1256 propere
1133 1190 1286 1246 iussit,
1314 1188 1696 1250 signiferumque
1717 1203 1772 1234 ex
1796 1186 1897 1234 suis

130 1279 283 1315 unum
311 1269 618 1313 cunctantem
647 1262 837 1311 occidit.
890 1269 1052 1311 tantus
1081 1260 1226 1308 ardor
1254 1259 1311 1307 ad
1340 1257 1669 1306 dimicandum
1698 1256 1813 1313 fuit,
1846 1264 1898 1305 ut

129 1335 368 1400 impetum
396 1333 549 1397 Aequi
575 1348 676 1382 non
704 1332 914 1394 tulerint,
942 1331 1149 1394 victique
1178 1330 1276 1379 acie
1305 1345 1413 1377 cum
1442 1328 1552 1391 fuga
1574 1328 1724 1375 effusa
1745 1326 1896 1390 petis-

131 1413 244 1456 sent
267 1412 423 1454 castra
440 1443 450 1462 ‚
486 1404 677 1452 brevior
702 1410 924 1467 tempore
952 1409 1000 1451 et
1026 1402 1286 1450 certamine
1314 1399 1476 1448 minor
1502 1407 1776 1446 castrorum
1807 1414 1896 1462 op-

134 1476 364 1543 pugnatio
400 1475 512 1531 suit,
554 1490 696 1539 quam
726 1474 966 1538 proelium
994 1474 1163 1521 fuerat.
1217 1472 1370 1536 captis
1399 1469 1697 1534 direptisque
1725 1468 1896 1516 castris

135 1563 244 1597 cum
272 1547 508 1602 'praedam
546 1546 751 1594 dictator
786 1545 921 1594 militi
959 1543 1306 1599 concessisset,
1352 1542 1599 1603 secutique
1635 1539 1899 1602 fugientem

135 1634 191 1667 ex
232 1617 402 1667 castris
430 1617 621 1665 hostem
651 1616 835 1679 equites
862 1615 1225 1665 renuntiassent
1252 1628 1425 1661 omnes
1454 1611 1719 1659 Labicanos
1747 1610 1899 1659 victos

133 1703 357 1752 magnam
383 1690 580 1751 {partem
607 1688 886 1751 Aequorum
915 1686 1118 1734 Labicos
1153 1684 1455 1746 confugisse.
1493 1689 1691 1746 postero
1730 1681 1804 1729 die
1840 1681 1897 1728 ad

132 1759 339 1809 Labicos
366 1759 537 1807 ductus
566 1758 833 1815 exercitus,
864 1757 1197 1821 oppidumque
1227 1769 1409 1803 corona
1437 1752 1731 1801 circumdata
1759 1752 1899 1800 scalis

133 1836 329 1894 captum
358 1845 412 1877 ac
439 1829 683 1893 direptum
712 1835 800 1878 est.
855 1828 1062 1876 dictator
1089 1827 1296 1875 exercitu
1320 1825 1500 1873 victore
1523 1825 1727 1872 Romam
1753 1823 1898 1871 redu-

135 1907 234 1959 ctu,
268 1900 343 1949 die
378 1906 569 1959 octaVO,
605 1915 749 1963 quam
786 1907 974 1948 creatus
1003 1905 1130 1960 crat,
1169 1897 1454 1960 magistratu
1484 1912 1536 1943 se
1564 1893 1820 1949 abdicavit:
1855 1900 1900 1942 et

196 2111 245 2150 10
261 2134 289 2140 -
309 2111 373 2151 11.
415 2110 557 2151 dictat.
580 2109 694 2161 dict„
718 2123 752 2150 s.
776 2109 811 2162 3,
837 2110 904 2161 50,
927 2109 972 2149 3:

135 2181 383 2224 respersus;
407 2168 509 2207 iiber
529 2167 595 2206 die
620 2167 746 2206 &vahl
770 2181 803 2208 c.
827 2166 901 2218 31,
931 2166 971 2206 4.

135 2249 187 2254 —
207 2227 283 2274 vir,
306 2226 436 2276 euius,
460 2237 493 2264 s.
521 2224 555 2273 1,
578 2223 644 2264 44.
668 2223 771 2265 4.—
788 2226 972 2277 suspect.

133 2282 351 2335 -sueral,
376 2294 422 2320 er
447 2282 559 2319 batte
583 2281 717 2320 nichts
737 2279 868 2319 Gutes
892 2293 972 2318 von

136 2338 373 2378 demselben
395 2342 609 2386 erwartet‚
632 2350 677 2376 es
697 2349 784 2376 war
801 2337 879 2376 ihm
903 2349 975 2386 ge-

135 2392 312 2435 fdhrtich
336 2394 606 2443 erschienen,
630 2407 663 2433 s.
689 2393 764 2444 21,
790 2394 833 2441 7,
858 2394 894 2431 7.
919 2415 974 2421 —

134 2454 336 2506 magistr.
359 2465 442 2504 eq„
466 2463 498 2490 S.
521 2463 555 2489 c.
580 2448 653 2502 31,
676 2451 715 2489 5.
738 2473 792 2479 —
814 2453 972 2497 creato,

137 2507 213 2560 27,
237 2507 314 2558 34,
336 2507 374 2548 3.
397 2530 452 2537 —
474 2506 657 2547 Ahalam
680 2504 819 2557 Serv„
847 2520 880 2546 c.
909 2506 973 2553 14,

138 2563 178 2604 6.
219 2564 335 2604 Auen
358 2564 460 2603 nach
486 2564 563 2603 den
587 2561 684 2603 fasti
707 2563 805 2616 Cap.
831 2577 865 2616 p.
891 2562 971 2601 427

138 2621 195 2660 ist
229 2621 343 2660 nicht
377 2621 451 2659 der
487 2620 597 2659 Sohn
635 2620 707 2659 des
746 2620 973 2669 Dictators,

139 2677 320 2718 sondern
353 2675 397 2717 C.
428 2673 677 2725 (Servilius)
715 2676 758 2726 Q.
782 2677 832 2730 s.
865 2675 907 2716 C.
930 2690 973 2716 η.

138 2733 288 2775 Aoeilla
310 2752 335 2766 =
357 2732 516 2784 Ahala,
540 2745 575 2772 s·
597 2746 632 2772 c.
656 2732 728 2784 45,
764 2733 811 2781 5,
843 2733 974 2783 magi-

140 2795 230 2831 ster
258 2790 464 2843 equitum3
502 2789 578 2828 der
606 2788 716 2829 Sohn
746 2789 903 2830 miisste
927 2789 975 2829 P.

140 2860 182 2888 n.
204 2847 287 2886 und
309 2847 486 2887 Priscus
503 2846 686 2885 heissen.

199 2894 286 2945 47.
327 2903 351 2942 2
370 2926 395 2931 -
414 2901 453 2942 3.
486 2904 626 2955 ltaque
646 2907 749 2950 etc„
786 2907 890 2942 statt
911 2902 976 2942 die

140 2958 300 3012 Folgen
323 2960 398 3000 der
419 2958 768 3009 Nachlz‘issigkeit,
791 2959 868 2998 wie
890 2960 976 2998 ita-

142 3030 222 3070 que
258 3022 468 3057 erwarten
506 3016 633 3064 iiisst,
668 3013 976 3068 anzukniipfen,

143 3073 243 3123 geht
259 3072 304 3113 L.
329 3073 514 3125 sogleich
538 3086 589 3112 zu
612 3073 686 3112 der
704 3072 978 3123 Schilderung

144 3129 294 3170 dcssen
330 3129 458 3180 iiber,
495 3142 581 3169 was
619 3142 697 3168 von
722 3129 864 3168 Seiten
903 3128 978 3168 der

143 3183 293 3226 namet·
326 3186 555 3238 geschicht.
575 3209 631 3215 —
653 3200 727 3233 ex,
761 3186 798 3224 in
832 3183 976 3237 Folge,

144 3242 257 3283 steht
276 3244 378 3283 auch
407 3243 482 3283 mit
511 3244 747 3284 trmesi'erat
768 3242 806 3281 in
831 3241 976 3282 Bezie-

1064 2110 1188 2159 hung.
1210 2131 1265 2136 —
1288 2109 1477 2161 equitatu
1500 2109 1621 2157 ium„
1644 2118 1676 2145 s.
1701 2104 1724 2143 3
1739 2136 1749 2155 ,
1774 2105 1839 2153 70,
1863 2105 1902 2143 4.

1064 2188 1120 2194 —
1156 2167 1448 2217 antesffignan„
1491 2177 1525 2203 c.
1569 2162 1642 2210 37,
1688 2161 1751 2201 11.
1809 2160 1905 2200 inde

1066 2222 1241 2261 braucht
1263 2221 1308 2260 L.
1335 2221 1548 2259 bisweiien
1564 2248 1574 2267 ‚
1597 2231 1662 2257 um
1686 2224 1818 2257 etwas
1840 2218 1902 2256 als

1065 2276 1337 2327 nacbfolgend
1359 2278 1619 2316 bestimmter
1640 2288 1690 2313 zu
1714 2274 1905 2313 bezeich-

1066 2348 1158 2384 nen,
1181 2348 1214 2375 s.
1238 2334 1276 2382 S,
1307 2334 1345 2381 9,
1374 2333 1447 2380 12;
1479 2333 1546 2380 21,
1577 2331 1643 2382 43,
1672 2331 1714 2377 13
1746 2330 1810 2381 35,
1835 2329 1903 2379 39,

1067 2391 1223 2441 52vg1.
1249 2390 1293 2439 3,
1318 2390 1393 2439 61,
1418 2391 1465 2436 ῖς
1490 2388 1541 2428 22
1562 2420 1571 2438 ,
1602 2387 1744 2437 3o,1.
1767 2389 1903 2427 —si-

1062 2449 1290 2501 gng'fermn
1313 2453 1409 2499 etc„
1433 2446 1497 2486 bei
1519 2446 1609 2485 dem
1628 2443 1796 2494 Angriff
1813 2449 1903 2482 ste-

1069 2507 1144 2545 hen
1169 2505 1233 2544 die
1253 2504 1420 2544 Fahnen
1446 2504 1483 2542 in
1507 2504 1582 2541 der
1602 2506 1744 2540 ersten
1769 2499 1902 2539 Linie.

1066 2585 1122 2591 —
1143 2561 1274 2601 ardor
1295 2560 1362 2611 ad,
1394 2573 1428 2601 s,
1452 2559 1519 2609 26,
1543 2559 1581 2605 o,
1607 2558 1654 2596 7:
1684 2556 1817 2597 ardor
1837 2559 1905 2596 in-

1063 2633 1173 2672 gens
1194 2617 1251 2658 ad
1276 2618 1440 2657 hostem
1471 2614 1798 2668 insequendum:
1836 2614 1902 2660 4-1,

1067 2675 1134 2725 36,
1159 2674 1202 2713 3:
1226 2674 1358 2715 ardor
1373 2697 1400 2703 —
1415 2673 1471 2713 ad
1491 2671 1774 2713 dimicandum
1787 2702 1798 2723 ,
1820 2671 1904 2721 vgi.

1068 2746 1101 2772 c.
1127 2732 1194 2781 25,
1219 2732 1256 2771 7.

1123 2789 1149 2828 4
1171 2812 1197 2817 —
1219 2788 1258 2828 6.
1302 2801 1445 2828 omnes
1475 2786 1522 2827 L.
1554 2786 1665 2826 steht
1696 2785 1733 2823 in
1766 2784 1903 2833 Bezug

1066 2843 1141 2886 auf
1162 2858 1364 2897 magnam
1394 2858 1434 2900 p.
1464 2843 1545 2882 und
1577 2843 1632 2881 ist
1662 2854 1712 2880 zu
1748 2841 1903 2893 consu—

1063 2905 1184 2956 gisse
1220 2915 1272 2941 zu
1308 2902 1467 2941 zieben.
1516 2902 1668 2939 victos.
1708 2897 1903 2936 nachdem

1068 2959 1129 2999 sie
1153 2959 1313 3008 besiegt
1336 2958 1465 3007 scien,
1489 2956 1590 2994 nach
1608 2953 1904 2993 ihren-Meder-

1067 3016 1174 3067 lnge.
1197 3037 1254 3044 —
1275 3027 1431 3054 corona
1455 3027 1512 3061 cn,
1536 3025 1570 3050 c.
1601 3011 1670 3057 19,
1695 3009 1742 3049 S:
1767 3009 1814 3058 2,
1837 3009 1904 3058 25,

1067 3071 1106 3111 4:
1125 3075 1268 3112 castra
1280 3070 1514 3123 legionibus
1525 3066 1797 3107 circumdatis
1806 3079 1902 3120 cap-

1068 3132 1135 3176 ta;
1153 3128 1191 3174 3,
1211 3127 1278 3175 28,
1294 3127 1334 3167 2:
1353 3126 1420 3172 30,
1442 3125 1504 3175 19,
1522 3125 1559 3164 8:
1577 3124 1670 3163 hinc
1680 3123 1909 3178 patr-chine

1069 3184 1216 3225 Catulo
1234 3185 1359 3224 lateri
1373 3180 1664 3221 circumdatis.
1677 3203 1725 3209 —
1748 3183 1907 3230 octat-⁰,

1067 3253 1100 3282 s.
1120 3254 1154 3280 c.
1174 3241 1242 3291 34,
1266 3241 1312 3288 53
1337 3239 1375 3289 3,
1400 3238 1465 3290 29,
1487 3238 1536 3285 ὃς
1560 3249 1697 3291 quam,
1719 3235 1757 3291 3,
1777 3235 1908 3290 33,1.

1936 629 1980 670 11

1938 843 1984 883 12

1934 976 2000 1026 47
