2221 3537
372 225 473 275 266

1000 220 1158 262 LIBER
1188 221 1240 263 V.
1299 221 1417 262 CAP.
1447 221 1488 263 4.

1917 243 1952 267 a..
1976 244 2012 268 u.
2038 235 2117 269 351.

314 359 339 398 9
372 358 512 414 atque
546 349 810 398 oboediens
838 348 914 397 sit.
968 354 1148 412 quanto
1175 348 1395 406 tandem,
1431 348 1472 397 si
1497 349 1753 413 quicquam
1780 350 1829 398 in
1853 349 1992 400 vobis
2016 365 2118 400 non

371 421 476 469 dico
511 419 658 468 civilis
695 420 776 467 sed
813 419 1010 467 humani
1046 425 1200 477 esset,
1232 419 1391 467 favere
1417 434 1503 467 vos
1529 420 1681 484 magis
1714 427 1780 481 et,
1810 426 2041 484 quantum
2067 421 2118 470 in

369 491 504 539 vobis
532 497 673 546 esset,
699 489 945 553 indulgere
971 490 1132 554 potius
1155 490 1366 537 comitati
1387 495 1578 553 patrum
1598 496 1740 554 atque
1761 490 1994 554 obsequio
2015 490 2118 555 ple·—

285 570 335 610 10
370 561 444 609 bis
474 558 725 624 oportuit?
764 576 884 624 quae
911 561 951 608 si
979 566 1208 623 perpetua
1235 560 1494 609 concordia
1520 560 1596 617 sit,
1624 561 1730 624 quis
1757 575 1858 609 non
1878 562 2118 625 spondere

369 631 494 680 ausit
513 631 774 679 maximum
792 631 883 678 hoc
900 630 1154 693 imperium
1173 630 1296 678 inter
1311 629 1543 678 finitimos
1558 630 1684 679 brevi
1699 631 1914 680 futurum
1933 646 2041 680 esse
2053 628 2115 679 ‘2⁶‘

507 703 699 764 „Atque
727 717 837 765 ego,
866 716 1011 763 quam
1038 701 1131 748 hoc
1158 700 1415 748 consilium
1443 700 1728 764 collegarum
1756 717 1993 761 meorum,
2019 716 2115 766 quo

368 773 603 822 abducere
629 772 799 820 infecta
828 787 878 818 re
905 787 929 818 a
959 770 1065 818 Veis
1094 771 1352 819 exercitum
1380 771 1665 827 noluerunt,
1693 785 1792 818 non
1819 771 1932 819 utile
1957 771 2117 820 solum

368 843 452 891 sed
475 843 614 890 etiam
637 841 961 889 necessarium
984 840 1141 897 fuerit,
1169 847 1336 903 postea
1357 841 1615 888 disseram:
1644 854 1774 888 nunc
1794 840 1852 888 de
1872 841 1978 905 ipsa
1997 855 2118 889 con-

307 921 332 960 2
370 913 557 962 dicione
591 912 747 959 dicere
775 903 1078 958 militantium
1104 910 1231 958 libet.
1283 926 1424 973 quam
1454 910 1722 958 orationem
1749 925 1851 959 non
1876 910 2003 975 apud
2029 926 2116 960 vos

369 983 544 1039 solum,
573 982 656 1029 sed
682 981 823 1029 etiam
852 980 900 1027 in
928 982 1096 1028 castris
1125 979 1165 1027 si
1186 978 1432 1038 habeatur,
1459 980 1568 1044 ipso
1591 981 1799 1030 exercitu
1820 981 2118 1046 disceptante

369 1067 566 1116 aequam
596 1051 803 1099 arbitror
829 1050 978 1099 videri
1005 1065 1174 1114 posse3
1204 1050 1251 1097 in
1280 1065 1386 1113 qua,
1415 1051 1454 1099 si
1482 1051 1600 1099 mihi
1628 1051 1722 1115 ipsi
1741 1051 1872 1110 nihil,
1893 1052 2022 1116 quod
2043 1051 2117 1100 di-

369 1137 541 1179 cerem,
568 1122 615 1170 in
638 1129 848 1170 mentem
871 1120 1031 1169 venire
1051 1127 1235 1184 posset,
1262 1121 1648 1170 adversariorum
1670 1127 1797 1170 certe
1819 1120 2118 1170 orationibus

308 1203 331 1242 3
369 1199 624 1242 contentus
672 1207 846 1241 essem.
904 1191 1140 1254 negabant
1184 1205 1340 1255 nuper
1384 1191 1538 1240 danda
1583 1207 1693 1240 esse
1725 1207 1834 1240 aera
1867 1191 2116 1250 militibus,

367 1264 474 1327 quia
500 1277 766 1325 numquam
796 1262 902 1310 data
928 1268 1103 1309 essent.
1150 1276 1360 1324 quonam
1388 1261 1535 1310 modo
1562 1262 1706 1325 igitur
1730 1276 1862 1311 nuno
1878 1262 2118 1325 indignari

367 1340 594 1396 possunt,
625 1332 797 1396 quibus
825 1332 998 1395 aliquid
1026 1331 1140 1379 novi
1167 1331 1403 1379 adiectum
1432 1332 1676 1380 commodi
1704 1332 1780 1390 sit,
1809 1332 1877 1381 eis
1902 1331 2116 1382 laborem

305 1415 331 1454 4
367 1404 508 1452 etiam
556 1417 735 1451 novum
773 1418 861 1465 pro
906 1402 1129 1466 portione
1162 1399 1384 1464 iniungi?
1430 1417 1670 1465 nusquam
1706 1417 1798 1451 neo
1832 1417 1977 1466 opera
2010 1403 2117 1451 sine

366 1473 691 1521 emolumento
738 1487 828 1520 nec
862 1472 1242 1520 emolumentum
1279 1471 1433 1519 ferme
1472 1472 1577 1520 sine
1610 1473 1810 1536 inpensa
1848 1486 1995 1536 opera
2028 1478 2116 1521 est.

305 1555 328 1593 5
364 1544 500 1592 labor
525 1544 860 1606 voluptasque,
888 1542 1207 1590 dissimillima
1234 1548 1418 1598 natura,
1446 1542 1673 1590 societate
1694 1542 1900 1605 quadam
1920 1542 2045 1592 inter
2064 1558 2118 1591 se

365 1614 567 1662 naturali
606 1620 719 1662 sunt
753 1613 927 1661 iuncta.
982 1612 1183 1660 moleste
1221 1619 1359 1660 antea
1392 1612 1576 1661 ferebat
1609 1612 1745 1661 miles
1781 1628 1834 1662 se
1861 1627 1950 1662 suo
1977 1627 2109 1662 sum-

364 1785 519 1834 quanto
550 1782 698 1831 geho'rt
728 1794 779 1819 zu
807 1783 949 1833 magis
980 1781 1059 1818 und
1083 1780 1197 1830 giebt

364 1840 440 1878 den
466 1839 644 1876 btiheren
670 1836 779 1876 Grad
804 1849 875 1884 an3
903 1838 1051 1890 potius
1083 1836 1196 1886 giebt

363 1896 452 1934 dem
474 1894 697 1944 indulgere
719 1894 794 1932 den
820 1891 990 1940 Vorzug
1012 1906 1088 1930 vor
1105 1893 1195 1931 dem

363 1951 674 2001 gewiihnlicben
694 1948 926 1989 Versabren
951 1950 1024 1987 der
1042 1948 1194 1988 Tribu-

364 2020 455 2055 nen,
478 2006 658 2045 welches
678 2019 723 2044 so
740 2006 802 2044 als
815 2004 1077 2044 verwerflich
1097 2006 1195 2043 dar-

361 2063 531 2113 gestellt
554 2063 671 2110 vird,
695 2062 775 2112 vgl.
801 2060 928 2113 praef.
956 2062 1026 2109 133
1065 2061 1101 2112 8,
1126 2060 1192 2110 25,

366 2118 429 2158 12.
469 2142 520 2146 —
561 2118 692 2157 civilis
730 2119 838 2157 stelit
878 2117 1189 2167 ungewiibulich

361 2175 412 2214 im
432 2173 613 2213 Genitiv.
638 2174 717 2213 und
741 2174 932 2212 iiberdies
954 2186 1003 2212 an
1028 2174 1102 2212 der
1124 2186 1190 2212 er-

361 2237 451 2269 sten
483 2230 637 2279 Stelle,
674 2231 756 2280 vgl.
789 2230 855 2278 42,
880 2231 944 2281 47,
970 2230 1013 2268 9:
1050 2233 1190 2280 potior

360 2287 474 2326 utilis
497 2301 617 2339 quam
641 2288 808 2325 lmuesti
826 2300 945 2333 cura,
967 2285 1014 2324 Z.
1037 2285 1063 2337 ξ
1086 2285 1188 2333 4333

360 2344 460 2382 doch
500 2344 554 2381 ist
589 2356 632 2381 es
670 2343 750 2381 wol
784 2344 894 2381 nicht
926 2343 1191 2391 nothwendig

359 2402 490 2438 animi
515 2400 864 2446 hinzuzusetzen3
903 2399 966 2436 die
996 2399 1193 2447 gewo'hn-

359 2456 462 2493 liclie
486 2455 607 2494 Forni
631 2468 663 2494 s.
684 2468 718 2494 r.
743 2454 806 2506 23,
829 2456 875 2492 5:
901 2455 938 2499 2,
962 2454 1026 2502 30,
1051 2455 1073 2492 5
1098 2468 1135 2492 u.
1154 2466 1189 2492 a.

416 2504 467 2549 4.
514 2511 631 2550 1-2.
664 2515 789 2562 alque
820 2524 896 2561 ego
928 2516 1029 2558 etc.,
1067 2511 1193 2548 damit

360 2568 456 2616 geht
479 2567 552 2604 der
570 2566 745 2611 Redner,
770 2567 962 2605 nachdeni
985 2567 1057 2604 das
1070 2565 1190 2604 Trei-

361 2623 434 2660 ben
455 2621 1192 2670 derTribunen5111.›x11gen1eirwnge-

361 2678 559 2716 scliildert
591 2679 664 2725 ist,
695 2678 767 2715 aul'
794 2679 869 2715 den
895 2678 1188 2726 vorliegendcn

361 2733 452 2773 Fan
482 2734 604 2781 iiber,
637 2746 668 2772 s,
694 2734 764 2783 21,
795 2735 867 2780 4⁴»,
914 2733 972 2771 10.
998 2755 1048 2760 —
1079 2732 1190 2771 mile·-

364 2794 480 2838 lant.,
511 2787 640 2842 praef.
665 2790 708 2837 4,
733 2790 798 2827 die
825 2789 1138 2837 Fusssoldaten,
1165 2788 1190 2839 ξ

361 2846 399 2896 4,
420 2846 501 2893 vgl.
521 2860 554 2884 c.
574 2848 610 2895 2,
633 2847 733 2885 3.-
751 2860 842 2897 quo,
863 2846 960 2882 nach
982 2846 1189 2896 xxx-lehem,

360 2903 398 2940 in
425 2903 549 2950 Fulge
573 2903 734 2952 desse-n,
759 2902 840 2951 vgl.
865 2901 929 2945 21,
955 2901 989 2951 ἶ,
1014 2902 1187 2939 3.—1‘11

360 2961 513 2997 castris
546 2959 598 2996 ist
621 2972 671 2996 zu
695 2960 732 2997 εἰ
757 2959 961 2997 habeatnr·
989 2971 1188 3006 gangen,

360 3027 423 3052 uni
448 3015 534 3052 ‹le-in
561 3015 804 3062 vertier-geli.
833 3014 947 3067 apud
969 3027 1039 3052 vus
1064 3015 1188 3051 nach-

360 3070 621 3108 driieklirlwr
642 3073 732 3123 ipsu
756 3083 894 3109 emere.
920 3069 1020 3108 (lise.
1046 3075 1188 3117 einge-

359 3127 662 3174 genzustellen:
683 3128 782 3165 iiber
797 3126 1100 3179 dfscepmnless,
1121 3127 1187 3174 40,

365 3182 520 3231 11,vgl.
536 3183 601 3228 45,
617 3185 682 3230 235,
708 3183 1187 3236 1.-p‹›.s-set‚wennich

361 3249 406 3275 so
429 3239 562 3287 wenig
583 3238 698 3278 Geist
723 3240 852 3288 hatte,
875 3239 970 3278 dass
994 3238 1055 3277 ich
1081 3238 1191 3276 nicht

1285 1803 1312 1807 —
1335 1779 1501 1818 kb’nute.
1525 1801 1580 1808 —-
1603 1782 1845 1830 contentus,
1882 1779 1942 1820 sie
1980 1780 2112 1831 giibeu

1286 1836 1364 1874 mir
1387 1835 1496 1874 Stoff
1512 1848 1587 1874 zur
1610 1835 1930 1887 Widerlegung‚
1954 1836 2113 1876 welche

1286 1904 1321 1930 c.
1340 1891 1459 1940 4—5,
1486 1892 1535 1931 12
1557 1890 1800 1942 ausgefiibrt
1821 1894 1889 1932 ist.

1342 1947 1365 1985 3
1382 1971 1410 1975 -
1426 1948 1465 1986 4.
1503 1950 1717 2000 negabant
1744 1954 1822 1988 etc.
1866 1948 1940 1988 Die
1963 1947 2115 1988 Tribu-

1286 2016 1361 2042 nen
1381 2005 1520 2043 hatten
1538 2005 1739 2044 vielmehr
1755 2010 1914 2056 gesagt,
1937 2005 2032 2045 dass
2050 2006 2115 2044 die

1286 2059 1411 2098 Plebs
1463 2060 1526 2099 die
1568 2059 1726 2100 Hosten
1777 2061 1919 2101 wiirde
1967 2066 2113 2112 tragen

1283 2117 1449 2155 miissen
1468 2147 1478 2166 ,
1524 2129 1558 2156 s.
1600 2117 1651 2167 4,
1697 2116 1780 2170 60,
1824 2117 1862 2156 4.
1900 2140 1951 2146 —-
1988 2130 2112 2170 quon.

1281 2185 1353 2222 m.,
1384 2173 1448 2211 die
1473 2171 1777 2223 VViderlegung
1799 2174 1872 2213 der
1893 2173 1995 2213 eben
2016 2185 2113 2213 aus-

1281 2229 1590 2280 gesprocbenen
1619 2229 1813 2278 Ansicbt3
1843 2231 1977 2282 igitur
2002 2230 2115 2269 steht

1282 2286 1320 2323 in
1351 2285 1487 2335 Bezug
1521 2284 1595 2324 auf
1625 2286 1701 2324 den
1738 2299 1788 2324 zu
1824 2286 2112 2335 erganzenden

1284 2340 1530 2380 Gedanken:
1570 2354 1617 2380 er
1646 2342 1702 2380 ist
1729 2341 1830 2380 aber
1857 2342 1959 2381 doch
1988 2354 2114 2392 gege-

1282 2397 1358 2435 ben
1389 2397 1570 2436 worden.
1595 2417 1651 2425 —
1671 2399 1812 2436 societ.
1836 2411 1872 2449 q.
1895 2411 1935 2437 n.
1950 2428 1960 2448 ,
1982 2397 2021 2447 3,
2043 2397 2112 2446 68,

1287 2453 1349 2490 lo.
1379 2452 1572 2492 —labor
1600 2458 1702 2502 etc.,
1727 2453 1809 2502 vgl.
1834 2453 1938 2493 Plat.
1961 2453 2111 2494 Phaed.

1283 2508 1335 2546 3:
1396 2505 1455 2552 ὡς
1507 2503 1690 2547 ἄτοπον
1739 2506 1863 2548 ἔοικέ
1905 2523 1949 2549 τι
1995 2507 2110 2550 εἶναι

1281 2562 1437 2612 τοῦτο,
1492 2559 1514 2602 ὁ
1565 2565 1784 2606 καλοῦσιν
1835 2565 1882 2605 οἱ
1925 2562 2111 2623 ἅνθρω-

1283 2633 1364 2658 ποι
1400 2617 1497 2670 ἡδύ·
1538 2617 1598 2664 ὠς
1627 2624 1902 2674 θαυμασίως
1931 2622 1996 2662 πέ
2037 2634 2111 2663 υκε

1285 2673 1401 2731 πρὸς
1438 2674 1486 2715 τὸ
1526 2675 1699 2716 δοκοῦν
1733 2675 1944 2719 ἐναντίον
1977 2691 2108 2728 favai,

1281 2731 1331 2769 ri,
1355 2730 1574 2787 λυπηρόν,
1599 2732 1660 2785 τῷ
1679 2729 1774 2787 ἅμα
1793 2732 1881 2787 μὲν
1901 2729 2021 2774 αὐτὼ
2041 2731 2107 2801 μὴ

1282 2786 1457 2828 ἐθέλειν
1498 2793 1878 2843 παραγίγνεσθαι
1918 2790 1980 2843 τῷ
2029 2803 2109 2832 αν-

1283 2841 1483 2897 θρώπῳ,
1513 2844 1594 2884 ἰὰν
1616 2846 1672 2885 δέ
1691 2859 1756 2890 τις
1777 2841 1921 2902 διώκῃ
1942 2845 1994 2886 τὸ
2016 2843 2107 2887 ἕτε-

1281 2914 1364 2954 ρον
1381 2903 1454 2939 καὶ
1474 2899 1695 2957 λαμβάνῃ,
1719 2899 1889 2954 σχεδόν
1905 2915 1947 2941 τι
1967 2898 2107 2956 ἀναγ-

1280 2955 1505 3003 κάζεσθαι
1541 2953 1610 2998 ἀεὶ
1649 2954 1900 3010 λαμβάνειν
1935 2958 2012 2997 καὶ
2052 2956 2102 2998 τὸ

1278 3012 1434 3067 ἕτερον
1469 3019 1548 3052 etc.
1576 3036 1632 3042 —
1659 3017 1750 3053 sine
1777 3016 1876 3067 imp.
1908 3027 1973 3068 op.
2008 3011 2104 3054 saut

1282 3072 1391 3109 nicht
1413 3068 1495 3116 auf,
1520 3071 1569 3109 da
1590 3073 1805 3124 impensus
1827 3082 1917 3109 zum
1939 3069 2101 3122 Adject.

1276 3127 1499 3175 geworden
1523 3127 1597 3177 ist,
1619 3138 1651 3165 s.
1676 3127 1713 3177 3,
1736 3125 1801 3177 52,
1823 3126 1861 3166 2.

1334 3183 1447 3220 5-7.
1490 3195 1567 3222 suo
1587 3185 1772 3235 sumptu,
1797 3182 1836 3233 4,
1860 3181 1926 3233 59,
1953 3181 2023 3231 113
2048 3181 2102 3222 ib.

1278 3237 1345 3290 60,
1368 3238 1414 3286 43
1440 3237 1554 3278 Paul.
1578 3237 1686 3277 Diae.
1712 3251 1750 3290 p.
1774 3238 1817 3278 9:
1838 3237 2059 3278 assiduum
2075 3260 2101 3266 -
