2221 3537
278 149 380 198 250
929 145 1088 186 LIBER
1119 145 1164 186 ll.
1198 145 1316 186 CAP.
1351 147 1415 186 15.

1740 168 1774 192 a.
1797 167 1835 191 ιι.
1858 159 2044 197 248-250,

277 276 347 324 rei
374 274 616 331 finiretur,
644 289 741 323 neu
768 274 821 322 in
847 275 996 324 tantis
1026 273 1211 322 mutuis
1227 272 1543 323 benefieiisin
1557 274 1713 323 vicem
1727 274 1878 330 animi
1905 274 2039 323 solli-

277 345 559 402 citarentur,
586 360 698 392 eum
725 344 804 393 ille
830 352 1043 408 peteret,
1082 344 1213 408 quod
1251 351 1420 392 contra
1446 343 1721 393 libertatem
1746 343 1914 408 populi
1938 343 2040 393 Ro-

276 415 408 463 mani
438 422 582 471 esset,
610 414 834 472 Romani,
864 415 957 462 nisi
979 415 1031 462 in
1059 413 1327 476 perniciem
1353 428 1493 462 suam
1520 414 1684 463 faciles
1713 430 1818 463 esse
1844 414 2041 471 vellent,

215 491 238 530 3
272 493 524 548 negarent,
553 485 631 532 eui
661 485 783 532 nihil
811 493 1040 547 negatum
1068 484 1259 532 vellent.
1300 498 1402 532 non
1428 483 1481 531 in
1501 500 1651 548 regno
1678 485 1917 549 populum
1935 484 2036 532 Ro-

269 571 486 613 manum,
507 556 591 603 sed
615 555 666 602 in
687 555 908 603 libertate
931 569 1052 602 esse.
1106 554 1171 602 ita
1193 553 1448 602 induxisse
1472 554 1524 602 in
1545 555 1782 613 animum,
1810 554 2033 603 hostibus

267 625 433 689 potius
455 634 619 689 portas
641 641 787 688 quam
807 624 1003 686 regibus
1019 623 1318 688 patefacere;
1340 640 1445 673 eam
1467 640 1577 673 esse
1601 625 1904 674 voluntatem
1925 639 2032 672 om-

211 700 238 740 4
273 696 427 753 nium,
451 705 519 753 ut,
544 696 626 759 qui
648 694 859 743 libertati
882 695 973 743 erit
994 695 1046 742 in
1064 695 1140 744 illa
1161 695 1282 743 urbe
1304 694 1432 752 linis,
1455 695 1585 743 idem
1610 695 1717 744 urbi
1739 695 1817 743 sit.
1867 693 2040 758 proin-

272 766 347 821 de,
376 767 416 814 si
446 767 623 815 salvam
653 780 760 813 esse
787 765 929 813 vellet
954 765 1175 821 Romam,
1204 774 1258 813 ut
1277 765 1489 828 patiatur
1509 765 1711 814 liberam
1732 780 1857 822 esse,
1886 778 2040 813 orare.

217 846 240 884 5
273 852 360 885 rex
387 836 675 884 verecundia
705 835 861 884 vietus
892 836 1120 899 „quando
1148 835 1196 883 id
1224 844 1412 883 certum
1434 843 1578 899 atque
1605 835 1907 884 obstinatum
1933 837 2042 882 est“

271 907 448 970 inquit,
482 922 676 968 „neque
705 922 790 969 ego
820 906 1089 954 obtundam
1111 906 1305 968 saepius
1328 906 1497 953 eadem
1519 904 1818 969 nequiquam
1839 902 2041 967 agendo,

271 992 361 1025 nee
389 976 681 1040 Tarquinios
709 992 794 1039 spe
822 977 1004 1031 auxilii,
1033 975 1162 1039 quod
1191 976 1380 1023 nullum
1410 975 1459 1022 in
1496 991 1573 1023 me
1612 983 1713 1026 est.
1755 974 2041 1023 frustrabor.

271 1048 420 1095 alium
448 1047 578 1102 hinc,
609 1062 694 1095 seu
723 1046 849 1094 bello
878 1062 1000 1110 opus
1030 1055 1102 1094 est
1129 1061 1215 1094 seu
1244 1045 1424 1109 quiete,
1453 1045 1596 1093 exilio
1612 1053 1849 1109 quaerant
1862 1045 2041 1099 locum,

211 1124 235 1163 6
271 1132 334 1166 ne
363 1117 481 1181 quid
510 1134 667 1166 meam
697 1118 950 1166 vobiscum
977 1116 1456 1181 paeemdistineat.“
1496 1115 1636 1164 dietis
1662 1115 1786 1164 faeta
1813 1114 2042 1164 amiciora

272 1230 341 1279 21,
369 1233 407 1272 1:
430 1230 632 1270 dictatore
654 1231 854 1269 obstinato
875 1228 1016 1270 tollere
1035 1243 1113 1284 po-

272 1289 360 1326 tius
396 1290 529 1326 totum
568 1300 590 1326 e
611 1286 822 1341 republica
853 1287 1111 1326 consulatum

272 1356 396 1395 quam
424 1345 712 1397 promiscuum
730 1345 911 1396 facere,
948 1343 1015 1393 21,
1053 1344 1113 1391 13,

273 1400 319 1449 83
357 1400 422 1448 23,
461 1401 502 1451 9,
539 1401 561 1439 S
596 1413 634 1438 u.
668 1413 703 1438 a.
768 1400 888 1438 110811ἶ
919 1400 975 1439 ist
1021 1400 1113 1439 hier

273 1456 347 1496 der
388 1456 483 1495 Fall
521 1470 572 1495 zu
613 1457 952 1506 unterscheiden,
994 1468 1113 1495 weun

272 1526 351 1552 nur
413 1513 714 1552 verschiedeue
778 1513 1113 1563 Bestimmungeu

271 1570 385 1609 eines
405 1568 646 1608 Priidicates
668 1569 912 1620 verglichen
933 1570 1115 1618 werden,

271 1626 352 1666 wie
374 1626 399 1677 ς’
422 1625 463 1663 3;
487 1627 679 1664 hostibus
694 1627 838 1679 potius
857 1627 1112 1679 patefacere.

271 1706 324 1711 —
348 1684 391 1720 ἰη
415 1683 503 1730 vic„
524 1684 687 1721 mutuis
710 1683 1027 1734 entsprechend,
1042 1695 1114 1732 ge-

271 1740 369 1778 ho'rt
404 1751 455 1776 zu
491 1738 896 1788 sollicitar.,ande1·s
923 1740 956 1787 l,
986 1741 1046 1785 10,
1074 1739 1111 1777 2.

270 1817 325 1823 —
345 1792 530 1834 Romam·
549 1801 646 1845 ete„
667 1795 741 1835 das
763 1795 1008 1847 Asyndeton
1030 1795 1113 1835 wie

272 1853 311 1901 5,
348 1851 416 1901 23,
453 1852 500 1901 83
540 1852 578 1902 9,
621 1853 689 1903 3-1,
720 1852 743 1891 6
780 1866 818 1891 ιι.
843 1865 895 1901 a.,
937 1853 1020 1903 vgl.
1046 1852 1110 1902 22,

272 1908 339 1956 39,
363 1910 400 1947 3.

329 1964 424 2003 3-4.
459 1966 502 2003 ιἰι
537 1977 681 2016 reg-no,
708 1978 741 2003 e.
773 1967 807 2015 1,
836 1965 868 2004 1.
893 1988 944 1992 —
971 1967 1028 2004 ita
1052 1966 1115 2002 in-

270 2019 461 2070 duxisse,
496 2034 526 2060 s.
562 2035 595 2060 e.
633 2021 694 2071 18,
732 2022 792 2062 11.
830 2045 879 2049 ———
906 2021 1114 2073 voluntat„

272 2077 364 2117 eine
388 2078 543 2117 andere
567 2077 720 2118 Lesart
751 2078 810 2117 ist
841 2081 946 2118 rota.
970 2101 1024 2106 —-
1046 2081 1118 2130 qm·

271 2159 295 2163 -
328 2136 424 2184 erit,
448 2135 523 2173 der
552 2133 757 2174 lndicativ
793 2135 896 2173 wird
927 2135 1115 2185 hiiufiger

271 2190 334 2230 als
383 2203 463 2230 von
514 2189 710 2230 friiheren
759 2189 1115 2241 Schriftslellern,

270 2247 351 2286 und
377 2247 491 2287 nicht
510 2246 623 2286 bloss
648 2248 687 2286 in
712 2248 991 2288 erkl’arenden
1016 2248 1116 2288 oder

270 2303 478 2343 bekanute
534 2304 809 2344 NVahrheiten
865 2305 946 2343 und
987 2305 1116 2344 That-

269 2361 420 2400 saehen
444 2361 740 2400 euthalteuden
764 2361 934 2412 Siitzen,
965 2361 1116 2401 beson-

268 2416 673 2467 dersumlebendige
694 2416 964 2457 'l‘heilnahme
987 2431 1116 2457 anzu-

267 2473 418 2512 deuten
458 2487 537 2512 von
577 2474 621 2513 L.
648 2475 751 2513 nach
773 2475 864 2513 dem
888 2474 1113 2526 Vol-gange

268 2530 342 2569 der
388 2528 592 2570 Griecheu
625 2544 699 2570 aus
740 2531 812 2570 der
844 2536 952 2570 orat.
995 2538 1112 2571 recta

268 2585 310 2625 in
348 2585 416 2625 die
453 2586 616 2638 obliqua
655 2586 984 2638 ausgenommen,
1021 2601 1053 2627 s.
1078 2602 1111 2627 c.

268 2642 435 2692 32,11;
484 2644 518 2690 1,
542 2645 608 2691 39,
633 2646 678 2692 53
716 2646 753 2693 3,
792 2645 855 2694 15,
885 2645 931 2692 33
970 2645 1037 2694 71,
1062 2646 1110 2695 ὃς

267 2698 306 2748 6,
330 2700 369 2748 5,
393 2700 438 2747 33
463 2699 530 2749 21,
554 2701 621 2747 27,
642 2701 687 2749 43
713 2700 777 2750 2-1,
799 2702 865 2749 33,
889 2704 933 2750 63
958 2700 1109 2752 26‚1(5‚

267 2755 290 2793 2
315 2768 352 2793 u.
377 2768 428 2803 a.,
454 2755 536 2804 vgl.
555 2769 606 2793 zu
630 2759 667 2805 2,
691 2756 756 2804 58,
781 2757 1110 2807 5324,16‚13:

266 2813 352 2850 nisi
368 2814 462 2862 erit,
484 2836 518 2840 —
540 2812 674 2863 quoad
707 2814 869 2864 J'cwieut
899 2817 1107 2866 camuros:

264 2867 351 2907 Cic.
373 2868 483 2908 Fam.
504 2869 542 2918 5,
568 2868 632 2918 12,
655 2871 699 2907 3;
723 2881 880 2921 rog·o‚—
900 2872 940 2907 ,ςί
955 2883 1020 2908 me
1036 2871 1114 2909 tibi

265 2924 580 2975 commendabil,
602 2938 652 2963 ue
672 2938 919 2978 aspernet·e;
962 2926 1015 2976 ib,
1046 2927 1108 2975 16,

271 2985 306 3033 1,
330 2981 353 3020 2
378 2995 414 3020 u.
439 2994 474 3021 a.
529 2981 630 3020 11181·
653 2981 895 3021 bezeichnet
916 2984 999 3021 eret
1020 2983 1110 3021 ein-

266 3037 360 3078 sach
397 3038 464 3077 die
487 3037 685 3086 Zukunft,
723 3038 918 3077 w'ahrend
956 3038 997 3076 in
1033 3040 1108 3089 fu-

265 3099 388 3135 turus
409 3097 462 3134 sit
503 3095 570 3133 die
593 3095 793 3134 Aussicht
832 3094 908 3134 auf
929 3095 1004 3133 den
1030 3095 1106 3133 Er—

265 3150 366 3200 folg,
405 3152 478 3190 das
501 3151 720 3191 Eintreten
745 3152 817 3191 des
843 3151 1105 3201 Untergangs

1203 1229 1455 1279 angedeutet
1475 1228 1566 1267 sein
1584 1227 1753 1268 ko‘nnte.
1773 1251 1823 1257 —
1842 1226 1931 1278 illa,
1948 1227 2048 1268 weil

1204 1285 1271 1323 die
1297 1283 1536 1324 Gesandten
1560 1285 1627 1325 die
1650 1285 1827 1324 Ansieht
1849 1284 1920 1324 des
1943 1284 2047 1325 Vol-

1204 1341 1277 1380 kes
1301 1341 1465 1390 (volunt.
1490 1342 1690 1390 omnium)
1722 1340 1970 1382 darstellen.
1992 1364 2047 1369 -

1207 1396 1319 1436 vellet
1339 1421 1364 1425 -
1382 1399 1547 1450 patiat„
1567 1398 1635 1449 38,
1658 1398 1694 1448 8,
1723 1400 1793 1447 113
1815 1411 1866 1436 zu
1887 1397 1954 1446 28,
1973 1397 2042 1443 31,

1205 1456 1252 1504 43
1293 1453 1395 1493 Sall.
1420 1453 1462 1492 C.
1490 1454 1562 1493 34:
1599 1456 1640 1493 si
1676 1453 1779 1506 quid
1808 1453 1961 1505 vellent,
1995 1454 2046 1492 ab

1205 1511 1340 1550 armis
1361 1509 1586 1558 discedant,
1625 1524 1675 1549 zu
1705 1509 1791 1549 Cic.
1815 1509 1891 1550 Off.
1919 1510 1954 1560 1,
1979 1511 2044 1559 11,

1207 1566 1281 1616 363
1328 1567 1446 1606 Caes.
1482 1568 1520 1605 B.
1556 1565 1604 1607 G.
1642 1569 1676 1617 1,
1709 1567 1748 1617 S,
1781 1567 1826 1616 23
1859 1567 1901 1606 iu
1939 1571 2047 1608 orat.

1208 1628 1325 1662 recta
1347 1622 1538 1663 volueris.

1264 1737 1301 1775 5.
1337 1748 1479 1786 veree„
1509 1735 1583 1774 der
1609 1735 1889 1786 hochberzige
1911 1733 2048 1786 Honig

1206 1792 1297 1831 will
1333 1793 1399 1832 die
1422 1791 1684 1843 Ver-fassung
1706 1793 1778 1832 des
1801 1793 1921 1832 edlen
1947 1792 2047 1834 Vol-

1206 1849 1278 1888 kes
1316 1848 1428 1888 nieht
1460 1849 1691 1897 verletzen‚
1728 1849 1920 1899 obgleieh
1941 1861 1989 1889 er
2011 1864 2044 1889 c.

1206 1906 1244 1955 9,
1271 1906 1294 1943 4
1332 1918 1435 1956 ganz
1474 1905 1629 1945 andere
1666 1906 1897 1946 Ansichten
1934 1906 2048 1955 hegt.

1208 1986 1260 1990 -
1283 1962 1443 2012 obstin,
1477 1959 1559 2001 fest
1581 1962 1866 2012 entschieden,
1889 1962 1957 2013 23,
1980 1961 2049 2011 29,

1208 2020 1255 2057 7:
1323 2018 1636 2058 obstinaverant
1693 2020 1871 2069 animis3
1941 2017 2048 2058 Plin.

1207 2075 1360 2125 Paneg.
1403 2078 1441 2126 5,
1483 2076 1528 2115 6:
1570 2075 1821 2115 obstinatum
1853 2077 1915 2115 est
1944 2076 2049 2123 tibi3

1207 2137 1328 2171 sonst
1349 2132 1420 2172 hat
1441 2130 1486 2170 L.
1511 2132 1773 2182 gewiihulich
1812 2132 2050 2171 obstinatus

1206 2188 1275 2237 ad,
1300 2189 1380 2237 vgl.
1407 2189 1473 2239 21,
1498 2190 1565 2239 4⁴,
1592 2192 1636 2228 9:
1669 2189 1710 2227 si
1727 2187 1982 2228 destinatum
2003 2190 2047 2227 in

1206 2247 1349 2284 animo
1370 2247 1444 2283 est.
1467 2268 1520 2272 —
1541 2258 1672 2296 neque
1691 2257 1767 2297 ego
1788 2270 1822 2274 —
1843 2258 1917 2284 nee
1944 2242 2049 2285 Tar-

1207 2303 1369 2353 quinios
1424 2301 1565 2340 bilden
1624 2300 1773 2341 keinen
1838 2300 2049 2352 richtigen

1208 2356 1468 2408 Gegens‘at23
1509 2357 1576 2396 die
1615 2357 1952 2409 Ungenauigkeit
1992 2357 2047 2398 ist

1207 2414 1421 2454 entweder
1467 2415 1595 2453 durch
1645 2415 1714 2453 die
1749 2413 2045 2454 Construction

1205 2484 1285 2510 von
1311 2473 1510 2523 frustari
1544 2469 1882 2521 herbeigefiihrt,
1919 2475 2044 2510 statt:

1206 2528 1272 2567 die
1294 2527 1546 2578 ΤΜ-(111111181-
1572 2527 1707 2567 sollen
1749 2528 1864 2567 nicht
1883 2526 2045 2577 langer,

1205 2585 1336 2624 durch
1374 2584 1482 2623 mich
1503 2584 1738 2635 get'auscht,
1779 2585 1883 2623 euch
1919 2583 2048 2623 beuu-

1205 2641 1396 2690 ruhigen,
1433 2641 1534 2680 oder
1569 2653 1657 2692 neq.
1694 2653 1769 2691 ego
1806 2640 1863 2680 ist
1893 2657 1920 2673 =
1941 2641 2046 2680 auch

1204 2698 1272 2737 ich
1313 2697 1440 2746 nicht,
1481 2711 1512 2737 s.
1547 2700 1584 2747 1,
1608 2696 1675 2747 27,
1704 2699 1774 2746 103
1810 2697 1876 2745 23,
1902 2695 1968 2746 18,
1990 2697 2042 2736 4:

1203 2767 1278 2794 uec
1299 2755 1402 2806 1‘psc‘3
1441 2754 1507 2802 38,
1530 2754 1597 2804 23,
1620 2753 1665 2791 3:
1701 2766 1775 2793 nec
1809 2766 1889 2802 608,
1920 2765 1953 2792 s.
1978 2752 2046 2802 30,

1208 2814 1268 2859 15,
1291 2811 1328 2859 7,
1351 2811 1425 2849 das
1448 2810 1548 2861 folg.
1566 2822 1639 2849 nee
1667 2823 1744 2849 nur
1767 2807 2044 2861 ankniipfeud,

1201 2868 1317 2907 nicht
1337 2880 1464 2918 neque
1487 2892 1519 2896 -
1541 2879 1615 2906 nec
1649 2864 2043 2916 correspondirend.

1201 2947 1254 2952 —
1278 2922 1502 2962 obtundam
1535 2924 1592 2963 ist
1625 2921 1842 2962 entweder
1876 2921 2043 2961 absolut

1200 2985 1362 3030 gesagt,
1402 2981 1482 3020 wie
1505 2979 1591 3019 Cic.
1619 2979 1738 3019 Verr.
1769 2978 1808 3027 4,
1845 2979 1913 3027 49,
1948 2978 2040 3028 109,

1200 3038 1300 3076 oder
1321 3034 1468 3075 eadem
1500 3035 1659 3075 wieder
1680 3034 2043 3084 hinzuzudenken,

1199 3093 1281 3132 wie
1307 3093 1372 3142 26,
1396 3092 1462 3141 33,
1487 3093 1556 3133 11:
1580 3091 1687 3132 &lem
1704 3089 2042 3130 obtundenda—-

1197 3149 1339 3200 emilie,
1364 3150 1402 3200 9,
1426 3149 1491 3198 31,
1516 3149 1540 3187 6
1562 3161 1600 3186 u.
1625 3161 1683 3199 a.,
1701 3148 1785 3197 vgl.
1817 3148 1850 3196 1,
1879 3148 1914 3196 1,
1937 3146 1976 3186 8.

2191 1068 2213 1273 :Quive-vel
2196 1003 2211 1059 ω’·
2198 980 2201 990 ⁴<
2195 938 2201 949 ·’
2197 912 2199 915 ”
