2221 3537
787 235 947 278 Linea
979 234 1045 277 111.
1109 236 1226 277 cAe.
1251 236 1320 277 43.
1352 238 1420 278 44.
1900 236 1968 288 85

207 261 244 287 ι.
272 253 341 288 ch.
367 253 446 286 449.

351 368 423 418 Ad
451 367 609 432 clades
645 365 704 416 ab
739 363 966 414 hostibus
1003 369 1224 426 acceptas
1261 363 1358 411 duo
1398 364 1602 413 nefanda
1637 365 1850 414 facinora
1891 363 1976 414 de-
2012 364 2080 414 43

211 438 407 489 cemviri
433 437 537 486 belli
565 436 797 500 domique
824 434 1053 483 adiciunt.
1104 433 1155 482 L.
1185 432 1412 489 Siccium,
1442 434 1488 482 in
1519 436 1712 483 Sabinis
1743 452 1827 499 per
1854 434 1974 484 invi·
2015 443 2039 483 2

210 510 338 559 diam
358 507 723 557 decemviralem
747 506 1054 555 tribunorum
1079 503 1402 553 creandorum
1426 505 1818 568 secessionisque
1840 522 1976 555 men-

208 580 372 629 tiones
394 579 455 627 ad
485 578 654 641 vulgus
683 577 889 626 militum
918 575 1231 624 sermonibus
1259 574 1460 623 occultis
1487 584 1741 629 serentem,
1772 592 1977 640 prospe-

211 648 426 698 culatum
460 649 517 697 ad
554 649 713 697 locum
750 648 924 696 castris
961 645 1248 710 capiendum
1289 646 1500 694 mittunt.
1562 645 1700 694 datur
1733 648 1977 707 negotium
2018 659 2041 696 3

212 718 472 779 militibus,
505 734 629 783 quos
667 718 901 767 miserant
927 716 1251 781 expeditionis
1286 717 1387 765 eius
1425 715 1645 773 comiteS,
1671 724 1725 764 ut
1751 733 1859 764 eum
1889 733 1979 780 op-

213 797 427 855 portuno
484 791 640 840 adorti
693 789 801 837 loco
848 789 1187 837 interficerent.
1257 787 1383 836 haud
1431 787 1636 836 inultum
1682 787 1979 842 interfecere,
2017 800 2041 838 4

212 876 325 910 nam
361 862 485 910 circa
523 867 877 925 repugnantem
906 859 1089 923 aliquot
1124 858 1434 907 insidiatores
1463 857 1702 916 cecidere,
1740 873 1849 906 cum
1878 858 1983 921 ipse

211 947 267 981 se
293 932 594 996 praevalidus
629 931 730 996 pari
759 930 940 979 viribus
967 930 1131 979 animo
1160 930 1516 978 circumventus
1546 935 1798 977 tutaretur.
1853 943 1980 978 nun·
2018 941 2041 980 5

212 1003 334 1051 tiant
360 1003 407 1051 in
429 1011 587 1051 castra
609 1001 754 1051 ceteri
777 1001 1143 1066 praecipitatum
1167 1001 1214 1048 in
1237 1000 1438 1049 insidias
1460 1016 1583 1057 esse,
1613 999 1821 1048 Siccium
1844 1015 1981 1062 egre-

210 1073 287 1135 gie
314 1081 611 1138 pugnantem
640 1073 912 1136 militesque
932 1072 1171 1136 quosdam
1194 1087 1302 1119 cum
1325 1088 1381 1119 eo
1405 1071 1632 1119 amissos.
1680 1071 1839 1134 primo
1861 1070 1981 1119 lides
2018 1081 2043 1119 6

214 1144 548 1193 nuntiantibus
570 1145 688 1202 ruit,
717 1144 929 1207 prosecta
954 1143 1127 1190 deinde
1150 1143 1329 1190 cohors
1351 1142 1407 1190 ad
1432 1141 1736 1205 sepeliendos
1761 1141 1840 1205 qui
1862 1141 1985 1190 ceci-

212 1215 382 1263 derant
407 1214 796 1263 decemvirorum
826 1213 1095 1277 permissu,
1126 1220 1387 1276 postquam
1416 1213 1598 1260 nullum
1627 1212 1893 1276 spoliatum
1922 1212 1985 1260 ibi

213 1299 395 1348 corpus
431 1284 740 1347 Sicciumque
775 1284 823 1331 in
861 1283 1020 1331 medio
1056 1283 1288 1330 iacentem
1319 1290 1654 1345 armatumque
1681 1283 1910 1331 omnibus
1938 1282 1986 1330 in

214 1369 327 1404 eum
364 1355 517 1403 versis
556 1354 846 1418 corporibus
869 1353 1052 1410 videre,
1088 1353 1303 1402 hostium
1328 1368 1483 1417 neque
1511 1368 1692 1416 corpus
1721 1353 1869 1401 ullum
1898 1367 1987 1400 nec

213 1425 416 1489 vestigia
444 1425 742 1483 abeuntium,
771 1425 989 1489 profecto
1019 1424 1077 1473 ab
1099 1424 1204 1473 suis
1227 1424 1531 1472 interfectum
1558 1430 1886 1472 memorantes
1909 1439 1984 1472 re-

215 1496 368 1546 tulere
411 1512 609 1560 corpus.
659 1495 958 1559 invidiaeque
1002 1495 1141 1558 plena
1192 1502 1346 1544 castra
1383 1502 1519 1543 erant
1555 1502 1600 1542 et
1633 1495 1838 1543 Romam
1874 1494 1987 1543 ferri

214 1567 442 1631 protinus
472 1567 681 1616 Siccium
706 1566 935 1630 placebat,
965 1568 1012 1614 ni
1036 1566 1292 1614 decemviri
1321 1566 1470 1614 funus
1498 1565 1700 1614 militare
1727 1566 1767 1614 ei
1797 1565 1985 1629 publica

215 1639 419 1703 inpensa
455 1638 612 1686 facere
649 1644 989 1686 maturassent.
1039 1637 1256 1701 sepultus
1293 1637 1472 1699 ingenti
1511 1636 1717 1685 militum
1749 1636 1986 1685 maestitia

214 1708 426 1773 pessima
455 1708 840 1757 decemvirorum
870 1708 917 1756 in
947 1706 1052 1770 vgul
1039 1723 1113 1755 us
1142 1708 1267 1755 fama
1296 1715 1380 1756 est.

358 1778 590 1843 Sequitur
626 1778 791 1828 aliud
781 1795 827 1826 in
856 1777 975 1827 urhe
1002 1778 1137 1826 nefas
1166 1778 1223 1826 ab
1251 1778 1448 1826 libidine
1478 1755 1637 1826 ortum
1669 1778 1794 1826 baud
1826 1778 1987 1827 minus

211 1850 356 1899 foedo
385 1857 572 1908 eventu,
600 1865 744 1913 quam
773 1849 902 1913 quod
932 1864 1019 1913 per
1039 1856 1265 1913 stuprum
1288 1849 1578 1912 caedemque
1599 1850 1633 1898 1
1639 1850 1848 1898 ucretiae
1868 1849 1987 1898 urbe

214 1935 465 1985 regnoque
491 1921 784 1984 Tarquinios
812 1921 1074 1983 expulerat,
1101 1927 1155 1970 ut
1180 1935 1279 1968 non
1310 1921 1418 1969 linis
1447 1921 1605 1969 solum
1636 1921 1762 1968 idem
1792 1921 1987 1968 decem-

214 1991 348 2050 viris,
377 1991 458 2055 qui
487 1991 698 2054 regibUS,
727 1990 813 2039 sed
836 2006 980 2039 causa
1002 1992 1144 2039 etiam
1167 1992 1333 2040 eadem
1358 1991 1544 2056 imperii
1568 1991 1819 2040 amittendi
1841 1999 1984 2040 esset.

216 2064 306 2127 Ap.
344 2061 593 2112 Claudium
639 2061 835 2126 virginis
883 2061 1095 2125 plebeiae
1136 2063 1431 2126 stuprandae
1466 2062 1613 2111 libido
1652 2063 1792 2127 cepit.
1848 2070 1982 2127 pater
2023 2071 2046 2111 2

2023 1779 2091 1827 44

213 2203 287 2242 dns
310 2203 492 2242 Andere.
536 2202 620 2242 Der
650 2203 778 2241 senat
808 2202 878 2241 hat
907 2202 985 2241 wie
1016 2202 1054 2241 in
1147 2202 1214 2253 23,
1238 2202 1304 2250 38,
1333 2202 1404 2249 12,
1428 2204 1468 2251 4,
1492 2203 1560 2252 47,
1585 2203 1621 2242 ἵ.
1646 2225 1700 2232 —
1723 2204 1982 2254 inter-secere

214 2259 410 2311 spiiterer
440 2259 535 2299 Zeit
565 2260 629 2298 die
668 2259 944 2309 Oberleitung
980 2259 1054 2298 des
1145 2282 1172 2287 -
1193 2271 1290 2309 cec.,
1314 2260 1396 2309 vgl.
1419 2259 1446 2311 ξ
1468 2259 1515 2308 6;
1539 2273 1574 2298 c.
1601 2260 1665 2311 70,
1690 2260 1726 2297 ἲ.

215 2315 317 2357 Krie
349 2329 368 2356 s
391 2316 700 2355 iibernommen.
1203 2327 1254 2363 6
1263 2327 1299 2365 7
1339 2327 1503 2373 cohors
1534 2339 1566 2365 3
1599 2340 1633 2365 ς,
1666 2327 1704 2374 5
1739 2327 1802 2366 11
1835 2349 1885 2355 -
1919 2339 1987 2366 n.

272 2366 304 2413 4
345 2397 359 2412 .
393 2372 488 2412 2-4.
511 2371 708 2419 Siccium,
729 2384 761 2411 s.
786 2386 837 2411 zu
855 2385 889 2410 c.
914 2371 982 2421 31,
1007 2373 1029 2409 5

214 2431 316 2470 nach
349 2430 542 2470 Anderen
574 2428 781 2480 Se'cim‘us,
813 2442 846 2468 s.
885 2427 1055 2467 Monun-

214 2499 288 2526 sen
320 2486 491 2527 Forsch.
528 2486 620 2526 110.
669 2485 743 2525 Die
773 2486 812 2525 in
843 2486 918 2524 der
946 2485 1054 2535 Sage

212 2540 442 2591 gestiet-ten
463 2542 740 2583 Grossthaten
759 2543 898 2582 dieses
916 2542 1054 2591 „Her-

213 2599 330 2638 cules
372 2598 621 2650 Romanus&
664 2612 697 2639 s.
740 2598 850 2638 Gell.
895 2598 933 2645 2,
979 2598 1050 2645 11;

214 2654 322 2695 Plin.
346 2655 384 2705 7,
408 2655 483 2704 283
508 2655 600 2695 Val.
624 2655 733 2695 Max.
758 2655 796 2707 3,
818 2656 855 2703 2,
879 2655 946 2705 24,
964 2656 1054 2694 sind

213 2712 502 2762 iibergnngen3
542 2713 608 2751 die
635 2712 767 2751 Sache
808 2712 942 2752 selbst
973 2725 1052 2751 von

213 2768 335 2808 Dion.
363 2769 427 2817 11,
450 2769 501 2807 25
524 2769 677 2807 anders
701 2769 878 2807 erziihlt.
902 2790 956 2797 ——
977 2783 1055 2822 pet·

213 2827 286 2865 das
311 2824 454 2864 Motiv.
483 2847 538 2853 —-
559 2827 904 2878 secessionisque,
927 2826 1052 2864 sehon

213 2882 278 2922 die
309 2881 477 2931 Gegend
509 2882 721 2920 erinnerte
756 2893 806 2919 an
844 2881 909 2920 die
940 2888 1053 2921 erste

214 2939 414 2988 secessio,
439 2939 596 2978 welche
619 2952 697 2977 von
719 2936 853 2977 Varro
873 2937 917 2978 L.
944 2937 988 2977 L.
1013 2939 1052 2989 5,

213 2995 288 3036 81:
318 2999 499 3035 secessio
526 2996 850 3035 Crustumerina
872 3001 1056 3044 genannt

213 3052 332 3092 wird.
368 3074 422 3081 —
458 3052 694 3100 decemvir„
731 3065 766 3090 c.
808 3050 875 3097 42,
917 3051 957 3090 ὓ.
999 3074 1054 3080 —

211 3109 473 3163 prospectu„
504 3109 568 3147 ein
611 3109 797 3148 seltener
832 3108 1051 3147 Ausdruck

214 3163 282 3204 fiii·
315 3165 594 3219 speculatum„
631 3167 668 3204 in
709 3171 840 3203 etwas
876 3164 1055 3203 anderer

215 3220 457 3272 Bedeutung
486 3222 553 3270 33,
592 3222 624 3261 1.
657 3245 709 3250 —
739 3223 965 3273 miserant,
988 3221 1053 3260 die

215 3278 276 3318 sie
299 3291 375 3319 zur
391 3279 637 3330 Begleitung
660 3279 871 3319 bestiuiint
889 3279 1053 3325 hatten3

1147 2383 1462 2432 t111.,stnttihn
1494 2396 1542 2422 nn
1575 2384 1664 2421 deni
1690 2383 1814 2425 Orte
1846 2395 1910 2421 wo
1941 2396 1987 2422 er

1144 2414 1324 2489 gefn'llen
1350 2453 1449 2485 w,ar
1482 2453 1533 2478 zu
1557 2439 1784 2490 begraben,
1814 2440 1987 2490 hringen

1146 2497 1207 2535 sie
1238 2497 1313 2535 den
1347 2496 1565 2535 Leichnam
1600 2498 1636 2535 in
1669 2498 1741 2535 das
1765 2497 1912 2546 Lager.
1934 2519 1986 2524 —

1144 2553 1348 2607 placebat,
1400 2556 1454 2605 ui,
1503 2554 1578 2592 der
1628 2553 1848 2592 Beschluss
1900 2565 1988 2591 war

1145 2612 1270 2650 sehon
1303 2608 1473 2660 gesasst,
1504 2610 1606 2649 aber
1634 2623 1682 2649 er
1711 2611 1854 2649 wurde
1878 2610 1988 2648 nicht

1145 2665 1411 2717 ausgefiibrt,
1455 2679 1540 2705 was
1582 2668 1813 2717 gest-helien
1859 2667 1986 2712 uiire,

1145 2737 1266 2763 wenti
1291 2724 1400 2763 nicht
1422 2736 1524 2762 usw.
1551 2725 1766 2776 —smms
1787 2724 1889 2770 mi'l.,
1920 2723 1984 2761 ein

1145 2780 1583 2830 Leichenbegiingniss
1626 2782 1697 2820 init
1735 2781 1843 2819 allen
1881 2780 1987 2818 mili·

1145 2838 1354 2877 tiirischen
1383 2838 1532 2877 Ebren.
1553 2861 1604 2866 —
1628 2837 1777 2892 sepult.
1803 2861 1826 2864 ν-
1849 2841 1926 2877 est.
1952 2848 1985 2875 s.

1146 2895 1213 2945 32,
1238 2895 1305 2942 39,
1330 2894 1376 2941 83
1405 2895 1467 2943 10,
1491 2894 1557 2942 39,
1584 2895 1620 2933 7.

1203 2972 1388 3021 44-49.
1437 2980 1520 3019 Der
1557 2979 1734 3019 process
1769 2979 1844 3017 der
1879 2977 1983 3016 ver-

1144 3037 1270 3086 ginia.
1324 3037 1441 3076 Dion.
1489 3037 1546 3086 ll,
1587 3036 1712 3075 2³1st
1753 3035 1868 3074 Diod.
1898 3035 1981 3073 Sic.

1150 3093 1214 3145 12,
1238 3094 1314 3141 243
1340 3093 1423 3133 Cic.
1445 3092 1544 3145 nvp.
1569 3093 1603 3142 2,
1628 3092 1694 3130 37.

1207 3165 1298 3204 1-2.
1329 3166 1380 3204 ab
1400 3164 1485 3208 Hb..
1509 3177 1542 3201 c.
1582 3163 1642 3207 15,
1676 3163 1710 3199 7.
1755 3160 1890 3200 [Ji-ber
1918 3161 1983 3200 die

1147 3220 1270 3261 Fortu
1313 3223 1387 3260 der
1425 3220 1594 3259 period«-
1640 3217 1895 3265 Niigelsbnch
1939 3216 1981 3258 S.

1142 3278 1238 3318 468.
1263 3301 1314 3306 —
1339 3276 1496 3330 empul„
1528 3277 1640 3314 hatte
1663 3273 1858 3324 heu-irin,
1885 3274 1981 3314 dass
