2221 3537
198 262 232 287 a.
259 253 330 290 ch.
355 254 433 286 «εει.
779 238 940 281 LIBER
960 238 1033 281 lv.
1083 239 1200 280 CAP.
1223 241 1289 281 27.
1313 240 1381 281 28.
1872 238 1970 288 197

200 370 426 421 victoriae
456 374 693 434 temptato
720 367 952 433 paulatim
980 374 1153 417 eventu
1179 368 1500 417 certaminum
1529 384 1647 418 suos
1676 367 1970 432 praecipere.

199 443 361 507 itaque
385 440 568 500 hosteS,
598 439 725 489 nulla
752 439 800 487 in
829 439 1015 503 proelio
1043 439 1171 488 iusto
1200 438 1360 487 relicta
1389 455 1490 502 spe,
1516 447 1663 488 noctu
1700 438 1857 488 adorti
1889 454 1967 487 ca·
2007 446 2035 485 6

199 519 302 563 stra
327 510 544 560 consulis
563 525 667 559 rem
690 510 738 559 in
760 525 928 559 casum
950 510 1174 574 ancipitis
1196 516 1396 558 eventus
1419 511 1744 559 committunt.
1792 510 1975 559 clamor

201 581 363 633 subito
402 587 538 630 ortus
575 595 676 629 non
717 581 931 630 consulis
960 581 1110 629 modo
1139 580 1330 643 vigiles,
1368 581 1630 629 exercitum
1660 580 1834 629 deinde
1863 595 1971 628 om-

199 667 340 712 nem,
376 652 460 701 sed
497 652 783 701 dictatorem
821 667 1017 716 quoque
1052 667 1109 700 ex
1147 666 1326 700 somno
1364 650 1550 700 excivit.
1610 651 1689 700 ubi
1730 651 1971 714 praesenti
2010 661 2033 699 7

199 739 293 789 ope
333 738 412 772 res
449 723 680 788 egebant,
721 722 893 772 consul
927 737 1018 772 nec
1054 722 1216 771 animo
1254 721 1430 771 defecit
1465 736 1558 771 nec
1595 722 1823 770 consilio:
1860 736 1971 785 pars

198 794 405 844 militum
434 802 687 859 portarum
717 794 952 843 stationes
980 794 1164 850 firmat,
1203 808 1314 857 pars
1345 808 1527 842 corona
1555 793 1728 842 vallum
1758 792 1970 855 cingunt.

200 866 251 916 in
294 865 457 914 alteris
493 866 620 930 apud
654 865 939 914 dictatorem
980 865 1151 913 castris
1188 880 1285 928 quo
1323 864 1487 913 minus
1521 864 1760 913 tumultus
1789 870 1886 921 est,
1915 878 1971 911 eo
2010 873 2035 912 8

200 936 310 1001 plus
344 936 766 994 animadvertitur,
804 937 917 1000 quid
958 952 1085 1000 opus
1114 936 1243 984 facto
1272 935 1349 984 sit.
1403 936 1613 984 missum
1641 934 1885 999 extemplo
1915 933 1971 982 ad

201 1012 356 1057 castra
367 1007 659 1067 subsidium,
679 1007 753 1056 cui
768 1007 850 1071 Sp.
870 1007 1157 1056 Postumius
1174 1006 1324 1056 Albus
1347 1006 1532 1068 legatus
1554 1006 1851 1071 praelicitur3
1870 1005 1975 1069 ipse

198 1083 336 1143 parte
370 1079 622 1143 copiarum
662 1094 811 1143 parvo
846 1078 1048 1127 circuitu
1084 1078 1248 1127 locum
1284 1078 1497 1126 maxime
1532 1084 1772 1126 secretum
1803 1076 1862 1125 ab
1891 1082 1974 1125 tu-

199 1149 355 1198 multu
391 1150 525 1214 petit,
563 1149 693 1199 unde
727 1166 783 1198 ex
817 1149 1108 1213 necopinato
1146 1164 1368 1198 aversum
1408 1149 1605 1197 hostem
1643 1148 1849 1197 invadat.
1914 1147 1971 1206 Q.
2005 1157 2031 1198 9

200 1219 470 1283 Sulpicium
515 1221 724 1283 legatum
769 1220 990 1283 praeficit
1033 1220 1227 1278 castris;
1263 1220 1322 1268 Μ.
1358 1220 1507 1268 Fabio
1551 1220 1709 1282 legato
1755 1218 1977 1282 adsignat

198 1290 413 1354 equiteS,
448 1306 539 1339 nec
572 1296 682 1339 ante
717 1290 873 1338 lucem
910 1305 1107 1338 movere
1141 1289 1278 1339 iubet
1310 1305 1511 1338 manum
1549 1290 1675 1338 inter
1702 1295 1974 1338 nocturnos

197 1361 437 1410 tumultus
474 1361 730 1410 moderatu
764 1361 1026 1410 difficilem.
1089 1361 1276 1420 omnia,
1315 1376 1435 1425 quae
1462 1360 1533 1409 vel
1559 1360 1680 1410 alius
1708 1359 1978 1425 imperator

197 1432 418 1498 prudens
446 1438 493 1481 et
518 1432 708 1496 inpiger
733 1433 782 1481 in
810 1432 888 1481 tali
915 1447 967 1481 re
993 1432 1295 1497 praeciperet
1321 1439 1599 1497 ageretque,
1629 1431 1864 1496 praecipit
1890 1446 1977 1480 or-

199 1503 310 1553 dine
331 1510 474 1568 atque
494 1503 612 1567 agit:
641 1503 753 1552 illud
776 1503 1007 1553 eximium
1032 1504 1223 1553 consilii
1246 1504 1490 1568 animique
1511 1504 1762 1568 specimen
1786 1510 1833 1552 et
1852 1517 1975 1552 neu·
2017 1507 2067 1548 10

198 1574 382 1640 tiquam
401 1574 616 1638 volgatae
634 1575 805 1634 laudiS‚
821 1575 951 1639 quod
974 1574 1099 1624 ultro
1125 1576 1183 1624 ad
1207 1575 1537 1640 oppugnanda
1561 1582 1717 1624 castra
1738 1573 1976 1631 hostium,

198 1646 329 1695 unde
361 1645 545 1694 maiore
579 1645 770 1710 agmine
804 1646 1055 1710 profectos
1093 1646 1399 1711 exploratum
1421 1647 1591 1702 fuerat,
1619 1646 1680 1694 M.
1709 1645 1974 1710 Geganium

200 1732 312 1766 cum
350 1716 634 1765 cohortibus
673 1716 866 1765 delectis
905 1717 1052 1765 misit.
1105 1718 1185 1782 qui
1213 1724 1479 1781 postquam
1508 1717 1721 1766 intentos
1748 1716 1974 1765 homines
2016 1723 2063 1762 11

198 1787 249 1837 in
286 1794 512 1836 eventum
548 1787 748 1851 periculi
787 1787 927 1837 alieni
962 1803 1053 1852 pro
1091 1804 1142 1837 se
1171 1789 1393 1837 incautos
1422 1788 1651 1851 neglectis
1679 1788 1850 1851 vigiliis
1873 1794 1977 1836 sta-

198 1857 517 1922 tionibusque
557 1864 630 1907 est
665 1859 889 1916 adortUS‚
931 1859 1068 1923 prius
1105 1875 1256 1924 paene
1285 1859 1411 1924 cepit
1439 1867 1611 1917 castra,
1638 1875 1780 1923 quam
1814 1873 1975 1924 oppu-

200 1929 337 1993 gnari
374 1929 542 1978 hostes
577 1929 695 1978 satis
729 1930 924 1979 scirent.
976 1930 1089 1979 inde
1114 1931 1270 1990 fumo,
1298 1938 1351 1980 ut
1378 1938 1685 1992 convenerat,
1714 1930 1879 1979 datum
1908 1929 1975 1978 si·
2018 1938 2066 1979 12

201 2015 352 2063 gnum
382 1999 465 2049 ubi
499 2007 818 2065 conspectum
849 2001 907 2050 ab
936 2001 1172 2051 dictatore
1199 2008 1293 2061 est,
1331 2003 1567 2052 exclamat
1593 2010 1729 2067 capta
1756 2001 1973 2050 bostium

202 2078 374 2128 castra,
402 2072 709 2135 nuntiarique
736 2072 922 2135 passim
952 2072 1098 2122 iubet.

344 2142 404 2191 Et
430 2142 524 2191 iam
546 2143 811 2192 luciscebat
832 2143 1094 2208 omniaque
1116 2144 1206 2193 sub
1231 2144 1382 2193 oculis
1406 2150 1557 2193 erant.
1597 2151 1643 2193 et
1663 2143 1842 2193 Fabius
1866 2158 1975 2193 cum
2015 2145 2083 2194 28

199 2213 415 2278 equitatu
440 2214 678 2277 impetum
705 2214 913 2272 dederat,
941 2222 988 2263 et
1014 2216 1185 2264 consul
1213 2215 1522 2280 eruptionem
1552 2231 1577 2263 e
1606 2216 1778 2264 castris
1807 2215 1856 2263 in
1877 2221 1977 2263 tre-

111 2414 129 2419 ..
199 2385 315 2432 vict„
342 2382 384 2436 1,
408 2381 480 2435 38,
504 2383 544 2422 4.
566 2406 620 2412 —
644 2385 769 2436 itaq„
794 2384 891 2424 weil
916 2385 1043 2424 durch
1137 2386 1202 2424 eiu
1227 2386 1407 2425 anderer
1429 2385 1654 2434 Feldberr,
1687 2397 1805 2424 wenn
1830 2398 1878 2424 er
1900 2397 1978 2423 nur

200 2443 351 2481 eventu
372 2441 626 2491 angedeutet
649 2441 724 2490 ist,
749 2441 846 2480 dass
871 2441 935 2480 die
960 2440 1044 2481 Ge·
1136 2443 1383 2493 verstiindig
1407 2444 1482 2482 ist:
1514 2443 1579 2482 ein
1603 2442 1976 2493 ausgezeicbnetes

199 2494 337 2536 fecbte
360 2496 656 2537 zumVortheil
678 2498 753 2537 der
771 2496 923 2537 Romer
945 2510 1045 2537 aus-
1136 2498 1289 2539 Talent
1319 2500 1372 2540 ist
1405 2501 1517 2539 nicbt
1547 2500 1651 2539 dazu
1683 2497 1975 2538 erforderlich.

202 2552 342 2593 fielen.
358 2576 413 2582 -—-
435 2555 477 2593 2⁶11
501 2567 660 2603 casum,
683 2553 751 2605 40,
774 2553 841 2604 21,
866 2554 910 2594 6:
934 2554 1044 2596 duos
1135 2579 1190 2584 —
1211 2570 1299 2607 noc,
1325 2558 1362 2608 7,
1387 2557 1424 2606 9,
1452 2557 1488 2597 1.

201 2609 332 2650 simul
354 2609 476 2663 filios
513 2625 597 2651 non
632 2613 964 2652 commissurum
1001 2615 1043 2652 in

202 2665 340 2706 aleam
363 2669 453 2706 eius
473 2690 501 2695 —
523 2680 665 2706 casus.

261 2724 283 2762 7
301 2746 329 2751 -
346 2722 384 2762 9.
427 2737 532 2776 pars
554 2725 762 2777 —firmat,
781 2737 885 2779 pars
906 2748 934 2752 —
957 2728 1044 2765 cin-

199 2783 333 2833 gunt,
371 2780 454 2830 vgl.
485 2780 561 2830 24,
599 2779 674 2830 21,
706 2780 744 2820 8.
781 2803 834 2810 —
870 2795 1041 2832 corona,

203 2836 323 2877 stelit
346 2837 459 2887 rings
484 2837 557 2876 auf
574 2837 664 2876 dem
677 2835 818 2877 &Valle
841 2837 924 2888 auf,
949 2852 982 2878 s.
1006 2853 1042 2878 c.

206 2893 278 2944 19,
302 2892 341 2933 8.
365 2917 420 2922 —
442 2893 577 2949 apud,
609 2907 696 2943 um,
724 2892 800 2933 auf
817 2895 892 2934 der
914 2870 1042 2948 ’Seite,

201 2963 316 2990 wo-
338 2963 440 2990 war.
463 2974 518 2979 —
538 2950 649 3006 plus,
677 2951 714 2990 in
737 2964 802 2990 um
827 2963 872 2990 so
896 2952 1042 2991 welte-

202 3020 288 3047 rem
307 3005 520 3058 Umsange
545 3031 599 3036 —
622 3011 783 3059 castra,
818 3008 890 3047 das
912 3021 1042 3060 ange-

1196 2637 1246 2676 10
1268 2661 1295 2666 —
1322 2638 1386 2678 12.
1425 2638 1562 2688 ultro,
1597 2639 1685 2678 weil
1707 2650 1797 2678 man
1821 2637 1974 2685 dieses,

1135 2695 1185 2735 da
1214 2696 1288 2734 das
1322 2696 1527 2736 riimisclie
1551 2695 1689 2747 Lager
1718 2693 1974 2745 angegriffen

1135 2764 1236 2802 war,
1261 2753 1375 2792 nicbt
1398 2758 1608 2792 erwarten
1633 2753 1816 2792 konnte:
1848 2765 1882 2790 s.
1906 2749 1973 2796 21,

1138 2809 1175 2858 1,
1198 2809 1236 2848 4.
1258 2831 1315 2838 —
1335 2810 1603 2859 cohortibus,
1627 2811 1674 2860 9,
1700 2809 1772 2855 37,
1798 2808 1834 2854 8,
1860 2807 1975 2847 viell.

1134 2866 1200 2905 die
1220 2865 1423 2906 Triarier.
1445 2880 1591 2921 -pro
1615 2881 1672 2914 se,
1698 2865 1737 2911 2,
1762 2864 1824 2915 2⁴,
1849 2864 1896 2911 43
1923 2877 1973 2902 zu

1135 2922 1203 2970 21,
1227 2923 1264 2974 9,
1287 2924 1333 2971 43
1360 2923 1427 2973 22,
1451 2924 1518 2970 59
1544 2895 1975 2977 ll:p1·oriipti'or1btts

1132 2993 1213 3034 pro
1232 2953 1390 3034 p'kalrta
1413 2983 1609 3025 —sates
1634 2980 1671 3026 3,
1696 2979 1735 3025 5,
1760 2979 1797 3017 7.
1822 2978 1977 3030 —su-

1134 3050 1226 3086 mo,
1258 3037 1445 3086 obgleicl·
1470 3038 1544 3076 der
1568 3011 1735 3085 Angrillz
1753 3035 1817 3074 bei
1842 3034 1975 3074 Nacbt

202 3063 390 3115 gna-ene·
417 3087 470 3094 ““
491 3064 710 3114 posmm’
742 3078 775 3104 c
808 3063 874 3105 25
899 3087 953 3094 -
975 3079 1042 3105 ⁸⁶
1135 3093 1352 3144 begonnen
1378 3095 1504 3141 hatte,
1535 3106 1581 3132 so
1604 3092 1759 3131 konnte
1784 3092 1902 3140 doch,
1924 3092 1974 3130 da

202 3123 400 3217 {2⁸t‘lab’
432 3121 455 3161 3
469 3153 491 3205 ³.
513 3121 584 3203 3·6’
603 3121 647 3202 Ξ
670 3144 726 3150 ”“
747 3136 804 3202 ‘1²³⁸
823 3134 982 3188 mmm?
1010 3122 1045 3174 ¹⁹
1135 3150 1294 3189 bereits
1312 3151 1387 3189 der
1398 3149 1486 3200 Tag
1503 3149 1683 3188 anbrach
1701 3148 1975 3199 (luciscebat),

268 3209 279 3228 ‚
333 3208 341 3218 .
363 3201 419 3208 —
439 3191 578 3219 ateys.
603 3208 630 3212 -
650 3192 677 3218 α
699 3182 837 3231 tergo,
861 3202 916 3207 —
939 3193 1042 3233 epse,

202 3234 300 3274 weil
322 3235 398 3274 der
418 3235 611 3275 Dictator
641 3236 678 3275 in
703 3235 958 3290 praeficitur
981 3235 1043 3275 lo·
1137 3207 1209 3246 das
1234 3206 1413 3246 zeiChen
1438 3207 1617 3257 gesehen
1642 3206 1825 3245 werden'

209 3291 375 3341 gisches
395 3291 511 3343 Subj.
535 3294 604 3333 ist.
621 3315 677 3321 —
696 3292 769 3343 vel,
793 3293 898 3332 auch
919 3292 1045 3332 scbon
1194 3285 1280 3333 28.
1326 3292 1341 3331 1
1369 3316 1395 3320 -
1414 3291 1451 3332 2.
1484 3293 1690 3348 impetum
1713 3291 1822 3344 ded„
1845 3290 1884 3344 2,
1907 3291 1974 3341 51,
