2221 3537
721 191 878 234 Lmen
902 191 949 234 11.
1000 192 1119 234 CAP.
1141 195 1208 235 56.
1240 195 1308 235 57.

19 171 134 282 ,Ji-p.
158 205 226 244 oh.
248 208 328 242 cn.
1769 196 1864 246 341

101 323 333 391 temptim
358 322 420 374 de
446 322 551 375 iure
577 319 867 371 disserendo
896 319 1185 385 perturbare
1210 321 1489 371 Laetorium
1519 329 1724 387 poterat.
1787 339 1866 371 ar-

102 394 228 447 dens
251 393 402 462 igitur
427 393 499 443 ira
525 392 754 442 tribunus
784 391 1019 440 viatorem
1049 390 1197 440 mittit
1223 391 1282 439 ad
1310 392 1582 447 consulem,
1612 393 1782 442 consul
1811 393 1869 443 li-

102 471 290 519 ctorem
302 464 363 515 ad
384 462 659 521 tribunum,
682 462 926 528 privatum
957 478 1065 511 esse
1097 461 1368 518 clamitans,
1391 463 1496 510 sine
1519 463 1739 527 imperio.
1763 463 1869 513 sine

103 535 414 603 magistrum
441 534 744 599 violatusque
770 540 901 582 esset
930 532 1173 589 tribuum,
1203 532 1251 581 ni
1279 539 1327 580 et
1354 532 1516 581 contio
1545 535 1705 582 ‹nnnis
1732 543 1869 583 atrox

101 611 267 660 coorta
291 619 382 671 pro
409 604 612 655 tribuno
639 605 689 654 in
718 605 969 655 consulem
1000 611 1145 659 esset,
1175 611 1223 651 et
1244 618 1515 651 concursus
1538 603 1792 652 hominum
1822 605 1871 652 in

97 676 263 729 lorum
288 691 348 726 ex
375 682 477 726 tota
507 676 626 725 urbe
654 676 923 725 concitatae
953 673 1283 723 multitudinis
1313 675 1464 722 tieret.
1500 674 1769 721 sustinebat
1800 683 1871 722 ta-

97 762 215 799 men
240 747 426 812 Appius
454 747 722 812 pertinacia
750 754 935 795 tantam
964 752 1340 810 tempestatem3
1376 752 1716 808 certatumque
1747 745 1871 792 baud

98 817 364 870 incruento
392 819 579 884 proelio
607 819 751 880 foret,
781 817 830 866 ni
859 816 1136 878 Quinctius,
1166 815 1339 864 consul
1367 815 1503 870 alter,
1533 815 1873 863 consularibus

96 888 295 956 negotio
321 889 450 947 date,
479 898 532 939 ut
559 889 792 954 collegam
821 888 879 944 vi,
908 888 948 936 si
972 889 1113 937 aliter
1136 902 1232 936 non
1257 894 1474 951 possent,
1505 886 1564 934 de
1588 886 1696 935 foro
1719 886 1873 935 abdu-

96 967 294 1020 cerent,
330 961 432 1026 ipse
469 975 602 1010 nunc
640 960 830 1025 plebem
865 960 1163 1008 saevientem
1203 958 1431 1022 precibus
1470 957 1695 1010 lenisset,
1743 971 1874 1005 nune

96 1039 285 1082 orasset
312 1031 557 1093 tribunos,
588 1041 640 1081 ut
668 1031 927 1080 concilium
947 1031 1275 1079 dimitterent:
1307 1030 1479 1077 darent
1507 1028 1606 1077 irae
1633 1027 1873 1092 spatium:
1949 1040 1960 1074 ;

97 1117 201 1152 non
242 1103 338 1152 vim
367 1118 506 1152 suam
536 1103 626 1152 illis
657 1112 851 1167 tempus
879 1102 1243 1166 adempturum,
1284 1100 1370 1149 sed
1400 1100 1658 1149 consilium
1691 1098 1875 1147 viribus

94 1173 391 1231 additurum,
421 1181 470 1223 et
498 1182 660 1239 patres
689 1174 737 1222 in
761 1173 925 1238 populi
948 1180 996 1221 et
1017 1173 1269 1221 consulem
1299 1172 1348 1219 in
1378 1179 1572 1235 patrum
1602 1170 1706 1219 fore
1735 1178 1875 1234 pote-

93 1251 237 1294 state.
277 1245 430 1309 Aegre
457 1246 621 1294 sedata
645 1244 704 1293 ab
728 1244 959 1303 Quinctio
989 1242 1144 1307 plebs,
1169 1244 1323 1291 multo
1346 1242 1536 1304 aegrius
1555 1243 1727 1290 consul
1748 1241 1870 1289 alter

93 1330 120 1365 a
145 1314 386 1380 patribus.
453 1315 655 1364 dimisso
696 1315 894 1364 tandem
936 1313 1143 1362 concilio
1183 1313 1339 1377 plebis
1376 1322 1602 1362 senatum
1643 1312 1869 1360 consules

90 1386 293 1436 habent.
334 1385 418 1435 ubi
445 1401 555 1435 cum
587 1386 737 1435 timor
763 1394 911 1450 atque
939 1385 1010 1434 ira
1040 1385 1089 1433 in
1118 1385 1270 1432 vicem
1293 1383 1563 1433 sententias
1585 1384 1872 1434 variassent.

92 1472 192 1523 quo
220 1457 374 1521 magis
401 1458 560 1522 spatio
590 1457 882 1521 interposito
921 1455 980 1505 ab
1008 1456 1194 1521 impetu
1224 1456 1283 1504 ad
1314 1454 1695 1504 consultandum
1726 1454 1876 1502 advo-

91 1526 346 1588 cabantur,
370 1544 426 1577 eo
447 1529 555 1594 plus
578 1527 908 1577 abhorrebant
924 1544 947 1576 a
963 1527 1230 1576 certatione
1242 1526 1409 1581 animi,
1432 1526 1550 1574 adeo
1570 1534 1622 1574 ut
1644 1525 1874 1583 Quinctio

92 1599 268 1664 gratias
296 1608 515 1663 agerent,
545 1600 676 1664 quod
701 1600 805 1649 cius
828 1614 974 1663 opera
1004 1598 1218 1661 mitigata
1242 1598 1482 1646 discordia
1506 1606 1647 1646 esset.
1689 1596 1746 1645 ab
1766 1600 1866 1660 Ap-

89 1670 171 1736 pio
198 1671 399 1736 petitur,
429 1679 483 1720 ut
505 1678 687 1720 tantam
711 1672 1018 1719 consularem
1045 1671 1352 1719 maiestatem
1374 1685 1477 1717 esse
1502 1668 1657 1721 vellet,
1686 1674 1870 1732 quanta

90 1757 200 1791 esse
237 1741 287 1791 in
327 1742 557 1791 concordi
600 1742 794 1790 civitate
824 1750 1005 1807 posset.
1059 1741 1175 1789 (lum
1213 1740 1399 1789 tribuni
1439 1739 1766 1803 consulesque
1809 1738 1867 1785 ad

90 1827 143 1862 se
164 1812 371 1879 quisque
398 1814 561 1862 omnia
591 1813 800 1869 trahant,
831 1813 948 1861 nihil
986 1813 1210 1861 relictum
1249 1827 1354 1860 esse
1386 1811 1561 1859 virium
1590 1811 1640 1859 in
1672 1809 1833 1858 medio
1858 1826 1870 1866 ;

1024 1929 1266 1967 universum
1287 1925 1490 1980 populum
1513 1923 1587 1964 sed
1600 1927 1764 1979 partem
1788 1924 1870 1964 ali-

1021 1997 1144 2037 quam
1187 1983 1331 2022 adesse
1359 1984 1486 2031 iubet,
1511 1995 1590 2021 non
1613 1984 1779 2021 camilia
1799 1981 1874 2021 sed

149 1926 254 1970 13-
278 1926 342 1967 14.
374 1926 431 1968 ad
468 1927 637 1977 consul„
676 1941 742 1967 um
774 1928 842 1967 ihu
880 1941 931 1967 zu

88 1983 325 2031 verhessen,
350 1985 401 2024 da
430 1985 494 2024 die
518 1985 732 2025 Tribunen
762 1985 836 2025 das
864 1986 932 2024 ius

86 2040 321 2097 prendendi
344 2041 492 2093 haben,
532 2042 686 2081 Becker
722 2042 762 2090 2,
792 2042 830 2089 2,
861 2042 926 2081 71.

98 2122 129 2128 —
161 2100 390 2153 privatum,
403 2099 600 2147 ihm,dem
611 2099 930 2150 Consulgegen·

89 2155 207 2206 iiber,
239 2155 404 2196 erkliirt
432 2156 562 2195 durch
583 2155 656 2195 das
679 2155 930 2195 attributive

87 2214 178 2252 sine
201 2214 297 2266 imp.
325 2218 404 2252 etc.
441 2235 496 2242 —
532 2214 622 2251 sine
657 2215 929 2264 magistrata,

86 2269 364 2321 allgemeiner
390 2269 455 2309 als
483 2271 574 2308 sine
592 2272 709 2323 imp„
741 2270 791 2309 da
815 2269 931 2309 nicht

85 2325 172 2367 alle
202 2324 455 2377 Magistrate
476 2326 550 2366 das
588 2328 645 2365 im
679 2328 815 2365 eriam
859 2327 931 2366 ha-

87 2383 180 2434 ben,
215 2383 296 2423 wie
319 2395 363 2423 es
386 2383 492 2422 auch
524 2382 600 2422 den
624 2340 837 2423 'Istribuuen
859 2383 931 2423 ab·

84 2439 199 2493 geht,
220 2439 288 2480 die
309 2438 482 2480 deshalb
504 2438 531 2492 ξ
554 2440 602 2481 12
619 2438 754 2494 plebis
769 2442 932 2493 magis-

84 2500 238 2548 tratus,
272 2496 358 2548 vgl.
381 2495 407 2548 ξ
437 2498 476 2547 2,
518 2496 620 2536 aber
655 2497 768 2537 nicht
813 2510 928 2548 mag.

86 2554 143 2595 im
179 2553 321 2594 vollen
349 2554 476 2594 Sinue
513 2554 586 2593 des
619 2553 796 2594 wortcs
821 2554 930 2602 sind,

85 2624 122 2652 e.
145 2610 212 2663 33,
238 2613 272 2652 1.
287 2613 581 2652 —concitatae
594 2611 711 2651 mult.
732 2611 934 2651 schlicsst

83 2668 180 2708 sich
200 2679 251 2707 nn
273 2668 489 2707 hominum
511 2680 577 2707 um
600 2681 645 2707 so
667 2668 847 2708 leichter
863 2681 931 2708 er·

86 2722 261 2764 kliirend
283 2736 350 2774 an,
373 2724 438 2765 als
455 2724 592 2764 dieses
614 2725 745 2765 durch
757 2738 930 2766 concur-

85 2794 161 2822 sus
180 2780 259 2821 mit
278 2781 321 2820 in
332 2781 504 2835 sorum,
522 2780 645 2831 jenes
666 2783 743 2822 mit
763 2796 821 2821 ex
841 2785 930 2822 tota

84 2839 192 2878 urbe
223 2837 264 2878 in
288 2836 554 2887 Verbindung
586 2838 714 2888 steht,
752 2839 819 2887 2-1,
859 2839 929 2890 32,

84 2895 126 2946 6,
149 2894 234 2947 vgl.
266 2894 335 2945 26,
364 2894 432 2942 47,
460 2897 498 2934 3.
521 2917 576 2924 -
596 2895 714 2947 ficret
735 2895 928 2936 bezeich-

86 2957 158 2993 net
177 2953 252 2993 das
289 2951 553 2992 Anhaltende
582 2952 654 2991 des
677 2952 930 2993 Herzustro'-

84 3020 201 3050 mens
222 3009 278 3050 im
301 3008 537 3061 Gegensatz
566 3022 615 3048 zu
640 3012 783 3049 coorta
804 3012 926 3049 esset.

145 3121 305 3166 15-16.
344 3125 608 3173 saevientem,
638 3136 670 3162 s.
702 3137 736 3163 c.
759 3123 828 3174 44,
867 3126 930 3166 10.

86 3201 141 3208 -
161 3179 396 3226 concilium,
430 3194 468 3220 n.
499 3178 639 3228 plebis,
666 3192 699 3219 s.
732 3193 764 3220 c.
792 3182 858 3231 57,
888 3181 931 3231 1;

87 3234 138 3275 ob
159 3234 207 3277 L.
229 3237 335 3278 nach
355 3235 466 3277 Gell.
497 3239 559 3286 15,
583 3238 654 3277 27:
687 3239 739 3287 is,
761 3240 834 3291 qui
853 3250 931 3278 non

1023 2041 1241 2081 concilium
1263 2039 1422 2080 edicere
1443 2039 1569 2089 debet,
1593 2039 1686 2078 hier
1703 2040 1871 2079 concili-

1023 2111 1094 2137 nm
1112 2097 1273 2152 (plebis)
1297 2111 1376 2136 von
1401 2098 1570 2135 comitia
1590 2096 1765 2146 tributa,
1786 2095 1812 2148 ξ
1831 2099 1870 2144 2,

1021 2155 1126 2194 habe
1171 2153 1488 2194 unterschciden
1538 2153 1693 2192 wellen
1709 2185 1719 2202 ,
1763 2154 1869 2193 lasst

1022 2212 1114 2251 sich
1155 2212 1272 2251 nicht
1312 2211 1452 2251 sicher
1492 2210 1727 2260 erkenuen,
1768 2211 1870 2250 aber

1022 2267 1284 2309 bezweiseln.
1309 2292 1360 2296 —
1383 2267 1474 2308 dar.
1512 2269 1602 2307 irae.
1627 2280 1700 2321 sp„
1740 2267 1779 2313 8,
1801 2268 1869 2314 32,

1028 2327 1090 2366 14.
1115 2349 1167 2355 —
1189 2327 1233 2364 1⁰71
1253 2328 1411 2379 polest„
1434 2326 1522 2365 sich
1547 2324 1621 2364 der
1644 2325 1862 2364 Autan-init

1023 2383 1326 2431 unterwersen,
1344 2383 1472 2422 daher
1483 2382 1588 2421 auch
1612 2383 1655 2419 in
1678 2384 1866 2422 auctori-

1023 2443 1111 2479 tate
1132 2454 1233 2483 esse.
1255 2453 1288 2478 s.
1314 2442 1353 2485 3,
1378 2440 1443 2486 21,
1472 2442 1506 2481 1.

1080 2490 1162 2538 57.
1198 2497 1292 2536 2-4.
1327 2499 1368 2534 in
1400 2498 1487 2545 vec,
1520 2495 1708 2535 dieselbe
1732 2493 1870 2534 Hand-

1024 2555 1123 2605 lung
1163 2553 1261 2604 geht
1308 2552 1599 2593 abwechselud
1650 2565 1730 2591 von
1773 2563 1871 2591 ver—

1024 2610 1275 2651 schiedcuen
1307 2609 1534 2661 Subjeeten
1563 2621 1654 2658 aus,
1677 2623 1707 2649 s.
1743 2611 1777 2657 1,
1801 2609 1867 2652 4o,

1023 2670 1060 2708 6.
1085 2691 1140 2697 —
1162 2670 1411 2717 variassent,
1441 2666 1743 2705 verschiedenc
1784 2666 1870 2705 An-

1022 2725 1184 2765 sichten
1208 2725 1449 2764 veranlasst
1467 2724 1625 2771 hatten,
1653 2726 1717 2773 10,
1740 2724 1807 2765 29.
1832 2723 1869 2761 ἴ.

1023 2806 1075 2811 ——
1104 2782 1157 2821 ab
1195 2784 1294 2835 imp.
1333 2787 1430 2831 etc,
1472 2794 1552 2819 von
1596 2780 1671 2820 der
1713 2780 1871 2820 leiden-

1021 2838 1301 2879 schaftlicheu
1333 2836 1580 2887 Aufregung
1621 2850 1670 2877 zu
1702 2837 1873 2887 rubiger

1023 2896 1277 2948 Berathuug.
1321 2919 1376 2925 —
1414 2894 1624 2943 advoc-ab„
1667 2894 1765 2934 weil
1797 2894 1870 2932 das

1020 2952 1265 2993 consultare
1306 2952 1374 2992 die
1412 2952 1678 3004 llauptsache
1717 2951 1786 2991 ist.
1820 2975 1867 2979 ·-

1021 3009 1544 3060 tanturmbeschriinkend:
1570 3021 1648 3048 nur
1665 3021 1711 3047 so
1733 3020 1869 3057 grass.

1024 3082 1058 3107 s.
1086 3070 1120 3116 1,
1143 3070 1183 3117 9,
1211 3068 1245 3108 1.
1269 3091 1322 3096 —
1353 3064 1555 3111 concordi,
1587 3064 1867 3104 conditional:

1024 3137 1144 3164 wenn
1167 3125 1230 3164 sic
1254 3124 1366 3174 einig
1388 3124 1478 3164 sein
1502 3122 1643 3162 sollte.
1675 3144 1724 3149 —
1748 3123 1868 3173 quis-

1052 3193 1116 3232 ue,
1137 3194 1170 3221 s.
1196 3195 1229 3221 c.
1257 3182 1297 3230 7,
1323 3183 1358 3223 1.
1383 3203 1434 3209 —
1455 3180 1629 3219 trahant
1661 3178 1763 3217 nach
1788 3176 1868 3217 rel-

1025 3195 1096 3289 Zt,
1113 3251 1147 3279 s.
1176 3238 1211 3290 1,
1236 3240 1302 3286 51,
1325 3240 1364 3279 4.
1389 3260 1441 3266 -
1463 3240 1505 3276 ιή
1529 3235 1672 3284 medio,
1697 3247 1741 3274 cs
1763 3233 1866 3285 gebe-

1906 332 1955 373 13

1910 543 1955 584 14

1911 757 1958 796 15
