2221 3537
883 236 1043 278 LIBER
1071 236 1142 278 lv.
1201 237 1319 278 CAP.
1351 237 1421 278 39.
1450 237 1520 280 40.
1878 258 1913 283 a.
1937 260 1973 284 u.
1998 251 2076 284 331.

332 240 433 290 218

272 375 296 415 8
332 364 626 428 Tempanius
670 370 803 413 metu
839 364 1122 414 insidiarum
1161 379 1278 413 suos
1315 364 1375 414 ad
1407 363 1563 414 lucem
1594 364 1761 414 tenuit.
1818 364 2079 430 degressus

331 435 503 483 deinde
548 434 653 497 ipse
695 450 806 483 cum
847 435 1013 498 paucis
1058 434 1357 498 speculatum
1401 450 1510 484 cum
1553 433 1611 484 ab
1647 434 1821 484 sauciis
1853 435 2076 486 hostibus

329 504 621 553 sciscitando
650 505 967 569 comperisset
993 512 1148 554 castra
1176 505 1463 554 Volscorum
1489 505 1674 554 deserta
1699 521 1819 565 esse,
1843 505 1993 556 laetus
2018 506 2077 555 ab

269 585 294 625 9
328 575 515 624 tumulo
536 590 652 623 suos
675 576 874 624 devocat
893 582 938 623 et
958 575 1006 622 in
1028 582 1181 623 castra
1201 574 1420 624 Romana
1441 581 1676 639 penetrat.
1714 575 1797 625 ubi
1816 591 1927 625 cum
1947 582 2079 626 vasta

327 645 610 708 desertaque
636 645 798 694 omnia
825 652 967 708 atque
994 645 1215 704 eandem,
1250 660 1391 708 quam
1421 646 1549 709 apud
1575 646 1767 704 hosteS,
1795 646 2076 695 foeditatem

325 715 614 774 invenisset,
650 716 929 779 priusquam
958 715 1158 764 Volscos
1187 715 1407 778 cognitus
1435 731 1570 764 error
1593 716 1866 775 reduceret,
1900 715 2078 780 quibus

323 792 514 849 poterat
539 786 713 834 sauciis
741 786 896 833 ductis
924 800 1106 843 secum,
1132 786 1339 848 ignaruS,
1366 801 1510 849 quam
1531 786 1778 849 regionem
1799 786 1969 835 consul
1987 801 2076 850 pe-

325 855 481 913 tisset,
511 855 568 904 ad
598 856 762 903 urbem
793 854 1026 918 proximis
1053 855 1305 904 itineribus
1330 857 1500 919 pergit.

225 927 293 976 40
472 926 570 973 Iam
616 941 672 973 eo
719 925 845 973 fama
888 939 1076 988 pugnae
1109 926 1336 974 adversae
1371 932 1740 988 castrorumque
1774 925 2078 974 desertorum

327 996 504 1058 perlata
540 1002 663 1052 erat,
699 1001 745 1042 et
779 1000 888 1043 ante
922 995 1086 1043 omnia
1122 995 1354 1058 deplorati
1393 1001 1529 1044 erant
1553 995 1737 1059 equites
1763 1009 1864 1044 non
1890 995 2077 1059 privato
2135 1036 2142 1040 .

265 1072 290 1112 2
327 1065 479 1127 magis
508 1080 651 1128 quam
681 1065 874 1128 publico
901 1064 1044 1123 luctu,
1071 1064 1342 1128 Fabiusque
1365 1066 1533 1114 consul
1552 1071 1739 1114 terrore
1757 1065 1865 1114 urbi
1886 1080 2080 1130 quoque

323 1136 498 1184 iniecto
528 1134 786 1183 stationem
814 1142 922 1183 ante
948 1141 1113 1198 portas
1135 1135 1315 1198 agebat,
1346 1151 1454 1184 cum
1477 1136 1660 1200 equites
1682 1136 1852 1199 procul
1870 1135 1959 1184 visi
1977 1150 2080 1184 non

324 1205 427 1254 sine
459 1212 644 1253 terrore
680 1205 738 1254 ab
778 1205 958 1263 dubiis,
997 1205 1191 1269 quinam
1230 1213 1414 1265 essent,
1452 1222 1567 1254 mox
1603 1206 1780 1270 cogniti
1814 1212 1996 1255 tantam
2022 1221 2079 1255 ex

323 1283 456 1354 metu
482 1275 705 1324 laetitiam
733 1275 915 1332 fecere,
943 1283 997 1324 ut
1023 1277 1203 1324 clamor
1229 1276 1398 1325 urbem
1427 1277 1711 1340 pervaderet
1735 1275 2077 1340 gratulantium

324 1346 482 1394 salvos
518 1346 821 1409 victoresque
846 1345 1030 1394 redisse
1056 1347 1264 1409 equites,
1303 1353 1350 1394 et
1374 1363 1430 1395 ex
1457 1346 1652 1395 maestis
1678 1346 1822 1410 paulo
1851 1353 1961 1396 ante
1986 1346 2078 1395 do-

266 1422 290 1462 3
325 1416 511 1473 mibus,
547 1432 666 1479 quae
694 1417 1110 1464 conclamaverant
1135 1433 1276 1475 suos,
1314 1423 1682 1479 procurreretur
1706 1418 1755 1465 in
1783 1417 1903 1475 vias,
1938 1416 2078 1480 pavi-

323 1487 506 1549 daeque
533 1493 710 1534 matres
738 1502 791 1534 ac
819 1487 1074 1549 coniuges,
1103 1487 1275 1535 oblitae
1302 1502 1416 1549 prae
1442 1488 1616 1549 gaudio
1645 1486 1850 1542 decoriS,
1886 1485 2076 1536 obviam

322 1558 499 1620 agmini
528 1563 852 1613 occurrerent,
881 1556 928 1603 in
956 1572 1073 1604 suos
1102 1572 1317 1620 quaeque
1343 1557 1487 1605 simul
1508 1573 1714 1621 corpore
1733 1563 1877 1620 atque
1897 1556 2074 1616 animo,

260 1636 287 1675 4
321 1627 396 1674 vix
423 1642 536 1691 prae
563 1627 735 1689 gaudio
765 1633 1033 1690 compoteS,
1064 1627 1255 1675 effusae.
1308 1627 1513 1676 tribunis
1541 1627 1681 1692 plebi,
1707 1628 1788 1691 qui
1808 1627 1870 1676 M.
1891 1626 2071 1676 Postu-

322 1696 420 1745 mio
458 1704 503 1745 et
529 1697 581 1745 T.
612 1697 835 1755 Quinctio
873 1698 996 1745 diem
1032 1697 1271 1757 dixerant,
1308 1698 1435 1761 quod
1475 1699 1532 1747 ad
1563 1698 1702 1747 Veios
1728 1713 1896 1746 eorum
1925 1712 2073 1761 opera

322 1767 445 1816 male
479 1775 744 1831 pugnatum
781 1775 932 1824 esset,
970 1767 1159 1816 occasio
1195 1769 1294 1816 visa
1330 1775 1404 1816 est
1429 1783 1514 1832 per
1538 1783 1709 1817 recens
1738 1768 1900 1816 odium
1928 1768 2070 1817 Sem-

262 1850 284 1888 5
322 1838 461 1902 proni
490 1838 701 1886 consulis
730 1838 1032 1886 renovandae
1058 1838 1105 1886 in
1132 1853 1215 1886 eos
1242 1838 1462 1886 invidiae.
1514 1838 1672 1902 itaque
1700 1839 1924 1887 advocata
1951 1852 2072 1887 con-

320 1909 452 1956 tione
487 1924 595 1956 cum
634 1908 873 1971 proditam
903 1908 1027 1956 Veiis
1059 1923 1159 1956 rem
1197 1909 1435 1971 publicam
1464 1924 1570 1957 esse
1595 1909 1653 1958 ab
1681 1908 1908 1967 ducibus,
1948 1923 2070 1973 pro-

319 1978 469 2027 ditum
499 1979 686 2036 deinde,
715 1979 826 2041 quia
853 1979 940 2026 illis
969 1979 1150 2042 inpune
1174 1978 1332 2037 fuerit,
1358 1980 1406 2027 in
1427 1979 1611 2028 Volscis
1637 1979 1696 2028 ab
1720 1979 1917 2028 consule
1936 1993 2070 2028 exer-

320 2131 412 2184 §23
446 2145 479 2172 c.
502 2131 567 2183 28,
591 2134 637 2179 53
671 2130 737 2180 38,
760 2132 786 2170 4
807 2145 845 2170 u.
868 2144 905 2170 a.
928 2154 982 2160 —
1004 2134 1150 2184 quibus

317 2212 345 2217 -
366 2188 495 2239 duct„
519 2201 549 2227 s.
582 2188 615 2238 l,
639 2188 705 2236 29,
729 2188 767 2228 4.

374 2237 460 2284 40.
516 2244 552 2282 2.
595 2244 778 2297 publico,
817 2245 890 2282 der
912 2243 1150 2295 L'ntergang

319 2301 393 2339 der
416 2300 551 2339 Ritter
586 2301 688 2339 wird
726 2313 869 2349 wegen
909 2301 983 2339 der
1019 2302 1147 2339 bohen

318 2356 509 2407 Stellung
532 2357 749 2395 derselben
776 2357 980 2395 imstaate
1002 2357 1064 2395 als
1083 2358 1148 2395 ein

321 2413 578 2452 offentlicbes
603 2412 789 2462 L’ngliick
814 2413 1041 2463 betrauert,
1065 2413 1146 2462 vgl.

320 2482 353 2507 c.
374 2469 439 2518 30,
467 2469 539 2516 10;
560 2470 596 2516 5,
620 2468 686 2516 39,
711 2468 748 2507 4.
767 2491 822 2497 -—
839 2468 995 2508 elamor·
1012 2473 1148 2520 grat„

316 2524 778 2577 „Freudengesc}»rei“,
803 2538 835 2563 s.
861 2525 898 2572 3,
923 2525 986 2575 54,
1014 2526 1083 2572 10;
1111 2526 1148 2573 5,

319 2580 485 2629 21,11;
518 2580 777 2630 Na'gelsbach
801 2580 843 2619 S.
867 2579 934 2619 92.

374 2635 413 2674 3.
446 2637 821 2683 conclamaret-aul,
846 2648 962 2674 wenn
981 2636 1147 2686 jemand

317 2692 539 2742 gestorben
563 2705 662 2737 war,
687 2692 828 2729 wurde
848 2704 894 2729 er
916 2691 1146 2730 beiNamen

319 2746 504 2798 gerufen,
530 2748 610 2786 und
636 2748 768 2786 lantes
795 2746 1053 2797 XVehklagen
1077 2761 1147 2786 er-

318 2804 463 2851 hoben,
491 2805 526 2854 1,
550 2804 615 2852 41,
639 2803 676 2841 6.
695 2816 941 2856 ——praeg.,
966 2816 1039 2841 vor
1061 2804 1149 2842 lau-

319 2866 385 2899 ter
402 2859 473 2900 Fr.
494 2883 548 2888 —
564 2860 742 2909 decoris,
766 2860 860 2898 weil
883 2872 926 2898 es
951 2860 1060 2898 nicht
1083 2859 1148 2899 fiir

319 2916 539 2955 schicklich
582 2916 690 2966 galt,
727 2916 822 2954 dass
861 2914 1022 2954 Frauen
1063 2917 1146 2955 sich

320 2972 529 3012 offentlich
554 2973 730 3022 zeigten,
765 2985 798 3010 s.
822 2970 896 3020 22,
928 2971 972 3020 7,
1010 2972 1072 3011 11.
1093 2995 1148 3000 —

318 3029 447 3068 simul
465 3052 492 3056 -
512 3032 634 3080 atque
656 3029 798 3067 stehen
830 3028 865 3066 in
896 3029 1147 3077 gegenseiti-

319 3097 393 3134 ger
431 3084 684 3133 Beziehung‚
722 3084 800 3122 wie
837 3082 908 3131 28,
955 3084 1029 3131 32,
1077 3084 1147 3124 ll:

318 3141 541 3180 simul-et.
562 3162 612 3168 -—
632 3143 842 3194 compotes
863 3139 1043 3189 absolut,
1067 3141 1145 3179 wie

321 3196 394 3235 Sil.
419 3196 466 3236 lt.
489 3198 532 3245 4,
565 3196 661 3235 805:
686 3200 800 3236 metu
822 3199 893 3236 m'x
913 3208 1082 3249 compos
1106 3196 1144 3235 l-

317 3252 451 3292 milce.
472 3274 528 3282 —-
548 3266 692 3305 quaeq.
714 3276 742 3281 —
763 3255 946 3304 effusae,
967 3252 1052 3302 vgl.
1076 3252 1142 3301 40,

1244 2134 1289 2181 5,
1320 2132 1365 2171 6:
1388 2137 1529 2172 cetera
1549 2135 1589 2172 in
1612 2146 1739 2172 suum
1759 2145 1943 2186 quaeque
1964 2134 2069 2172 tem-

1238 2203 1320 2242 pus
1351 2189 1516 2241 agenda
1544 2189 1773 2241 differunt3
1803 2189 1877 2240 41,
1907 2188 1982 2239 25,
2019 2186 2066 2234 8;

1242 2248 1280 2295 5,
1303 2244 1340 2292 8,
1363 2246 1489 2284 13.—
1509 2248 1686 2297 effusae,
1704 2246 1776 2284 mit
1792 2247 1834 2284 in
1855 2257 1957 2284 suos
1973 2256 2069 2282 ver-

1240 2302 1414 2350 bunden,
1436 2302 1580 2341 deutet
1596 2303 1633 2340 in
1648 2301 1785 2350 Bezug
1803 2298 1878 2339 auf
1893 2312 2070 2352 corpore

1241 2358 1305 2396 die
1330 2357 1643 2407 Uinarmungen,
1669 2356 1782 2395 Hom.
1807 2355 1881 2395 Od.
1905 2354 1942 2404 8,
1964 2354 2069 2394 493:

1239 2409 1356 2466 ἀμφ’
1382 2409 1504 2465 αὐτῷ
1517 2412 1712 2466 χυμένη,
1733 2409 1807 2451 auf
1822 2414 1981 2462 animo,
2002 2411 2067 2451 die

1240 2468 1466 2518 Hestigkeit
1487 2469 1562 2507 der
1574 2466 1746 2507 Gestihle
1768 2480 1833 2518 an,
1855 2480 1889 2507 s.
1910 2467 1978 2517 42,
2000 2466 2068 2518 30,

1240 2524 1285 2562 2:
1314 2537 1417 2578 pars
1441 2524 1726 2577 (principum)
1758 2526 1818 2563 ita
1847 2526 1889 2563 in
1910 2522 2068 2564 Roma-

1238 2593 1315 2619 nos
1337 2582 1470 2631 effusi
1488 2584 1611 2620 erant
1631 2587 1734 2627 etc.;
1760 2579 1947 2620 cimam.
1967 2579 2005 2630 7,
2028 2578 2068 2630 3,
2145 2615 2151 2620 .

1240 2636 1285 2675 3:
1317 2640 1401 2675 si—
1423 2640 1557 2676 totum
1584 2650 1630 2676 se
1658 2636 1724 2676 ille
1751 2638 1795 2676 in
1824 2649 1892 2676 me
1909 2636 2068 2690 prosu-

1239 2691 1390 2740 disset3
1433 2693 1477 2731 L.
1501 2693 1552 2743 4,
1589 2693 1663 2743 58,
1699 2692 1746 2740 9;
1783 2692 1858 2740 27,
1893 2691 1968 2741 50,
2001 2692 2065 2732 10.

1240 2747 1375 2789 Ueber
1395 2749 1467 2788 das
1491 2754 1594 2801 part.
1620 2754 1752 2800 praet.
1774 2747 1812 2798 3,
1835 2747 1871 2801 3,
1898 2747 1962 2788 10.

1307 2805 1345 2844 4.
1417 2805 1639 2845 Postumio
1687 2810 1767 2844 etc.
1818 2805 1873 2844 ist
1914 2804 2066 2844 vorlier

1239 2861 1352 2900 nicht
1401 2862 1603 2900 erw‘abnt.
1666 2860 1740 2899 Die
1783 2860 1971 2911 Anklage
2011 2860 2066 2899 ist

1238 2918 1318 2956 seit
1340 2917 1534 2966 langerer
1551 2916 1645 2956 Zeit
1666 2917 1729 2955 die
1752 2922 1880 2966 erstc,
1901 2916 1967 2955 die
1988 2928 2066 2955 vor

1238 2974 1301 3011 die
1344 2973 1495 3012 Tribus
1535 2973 1734 3023 gebracht
1769 2972 1886 3012 wird.
1922 2993 1975 3000 -——
2010 2970 2068 3010 ad

1238 3029 1392 3079 Veios,
1435 3043 1468 3068 c.
1513 3029 1580 3068 31.
1615 3049 1668 3057 —
1705 3040 1835 3080 opera
1868 3044 1896 3060 =
1930 3026 2063 3080 culpa.

1238 3084 1411 3124 VVarum
1445 3086 1555 3124 nicht
1585 3085 1686 3123 auch
1718 3085 1793 3122 der
1820 3083 1945 3122 dritte
1965 3081 2062 3122 Tri-

1237 3141 1314 3179 bun
1339 3141 1507 3191 belangt
1529 3140 1646 3189 wird,
1668 3141 1723 3179 ist
1751 3139 1862 3178 nicht
1881 3151 2061 3190 angege-

1237 3197 1336 3245 ben;
1360 3210 1406 3236 er
1424 3210 1506 3237 war
1522 3196 1634 3237 viell.
1650 3196 1858 3250 praefeci.
1876 3196 1971 3237 urb.
1987 3208 2061 3246 ge-

1230 3266 1382 3294 wesen.
