2221 3537
341 254 441 304 282
956 252 1115 294 LIBER
1136 254 1187 296 V.
1247 253 1363 294 CAP.
1390 254 1455 295 11.

1889 275 1922 299 a.
1947 276 1984 300 u.
2008 268 2086 301 353.

339 380 532 436 nuciuS‚
557 380 732 442 trepidi
758 395 920 429 rerum
948 395 1161 439 suarum;
1188 380 1236 428 in
1265 380 1483 445 Sergium
1510 381 1881 446 Verginiumque
1906 383 2085 446 prioris

339 450 450 497 anni
475 449 696 498 tribunos
725 451 951 500 militares
979 451 1254 510 incurrunt,
1287 451 1334 499 in
1362 467 1445 500 eos
1473 451 1531 501 ab
1558 468 1609 501 se
1634 453 1754 501 iram
1782 452 1934 516 plebis
1961 453 2085 502 invi-

279 530 302 568 5
341 520 565 582 diamque
601 520 675 568 die
709 520 831 569 dicta
864 527 1096 569 avertunt.
1155 521 1326 584 quibus
1362 521 1588 579 dilectuS‚
1628 523 1801 586 quibus
1833 522 2085 579 tributum,

340 589 515 652 quibus
551 590 732 638 diutina
768 592 932 640 militia
959 591 1385 655 longinquitasque
1410 591 1517 640 belli
1544 592 1606 640 sit
1631 593 1811 655 gravis,
1850 593 1930 656 qui
1958 593 2088 642 clade

340 666 531 723 accepta
567 661 624 709 ad
653 660 793 708 Veios
829 662 1045 717 doleant,
1083 662 1162 724 qui
1190 662 1383 710 amissis
1408 661 1570 710 liberis
1595 662 1847 721 f1·atribuS‚
1883 663 2087 727 propin—

339 729 446 793 quis
483 730 722 778 adfinibus
755 731 981 794 lugubres
1017 732 1190 779 domos
1224 731 1450 789 habeant,
1500 732 1574 780 his
1611 732 1787 795 publici
1823 733 2089 796 privatique

339 799 521 848 doloris
548 801 836 863 exsequendi
864 801 936 848 ius
965 807 1346 864 potestatemque
1373 817 1429 849 ex
1457 801 1647 849 duobus
1676 801 1831 850 noxiis
1853 801 2087 865 capitibus

278 877 302 916 6
340 869 496 917 datam
534 871 591 917 ab
628 886 678 918 se
716 877 1001 917 memorant.
1065 871 1282 918 omnium
1317 886 1524 934 namque
1558 871 1798 919 malorum
1833 870 1884 919 in
1920 872 2086 936 Sergio

340 940 658 1002 Verginioque
680 955 845 987 causas
869 955 1002 997 esse,
1023 954 1112 987 nec
1132 940 1176 987 id
1200 947 1528 988 accusatorem
1550 941 1702 1004 magis
1724 956 1922 1004 arguere
1942 957 2088 1006 quam

336 1008 473 1056 fateri
506 1024 641 1065 reos,
680 1010 759 1072 qui
794 1010 925 1057 noxii
958 1009 1098 1058 ambo
1137 1010 1257 1057 alter
1290 1009 1338 1058 in
1375 1010 1574 1059 alterum
1602 1026 1792 1060 causam
1819 1011 2086 1070 conferant,

337 1078 499 1141 fugam
529 1079 680 1142 Sergii
708 1079 976 1142 Verginius,
1007 1079 1201 1142 Sergius
1229 1080 1555 1142 proditionem
1582 1082 1838 1145 increpans
1866 1081 2088 1146 Verginii.

278 1158 299 1196 7
340 1164 546 1212 quorum
581 1150 698 1197 adeo
727 1150 1058 1198 incredibilem
1085 1149 1340 1198 amentiam
1367 1150 1540 1209 fuisse,
1571 1156 1625 1200 ut
1649 1152 1802 1200 multo
1828 1151 1926 1200 veri
1952 1152 2089 1201 simi-

337 1219 428 1267 lius
458 1219 520 1266 sit
546 1226 780 1282 conpecto
809 1235 912 1268 eam
941 1236 1039 1268 rem
1062 1226 1108 1267 et
1128 1220 1377 1268 communi
1397 1221 1563 1270 fraude
1584 1221 1895 1285 patriciorum
1918 1228 2087 1271 actam.

282 1297 305 1337 8
340 1288 397 1336 ab
444 1289 521 1337 his
558 1297 605 1336 et
639 1290 771 1352 prius
807 1290 970 1338 datum
1005 1290 1166 1338 locum
1205 1290 1476 1339 Veientibus
1511 1292 1569 1339 ad
1610 1291 1908 1340 incendenda
1943 1307 2089 1356 opera

338 1358 443 1406 belli
471 1360 687 1407 trahendi
716 1375 871 1418 causa,
902 1366 948 1407 et
972 1374 1103 1407 nunc
1129 1360 1374 1423 proditum
1397 1362 1673 1420 exercitum,
1698 1361 1868 1410 tradita
1891 1362 2088 1410 Faliscis

279 1438 303 1477 9
339 1428 556 1477 Romana
592 1437 760 1477 castra.
817 1431 977 1477 omnia
1013 1430 1135 1486 fieri,
1174 1437 1225 1478 ut
1251 1437 1571 1480 consenescat
1596 1433 1653 1480 ad
1682 1431 1824 1480 Veios
1851 1431 2088 1489 iuventus,

339 1513 427 1546 nec
453 1499 511 1546 de
538 1501 662 1561 agris
690 1514 778 1546 nec.
804 1500 861 1547 de
888 1500 987 1547 aliis
1016 1500 1289 1548 commodis
1317 1499 1470 1562 plebis
1496 1501 1623 1549 ferre
1649 1502 1707 1550 ad
1735 1501 1970 1564 populum
1996 1502 2090 1550 tri-

338 1568 454 1616 buni
487 1569 847 1632 frequentiaque
887 1569 1068 1617 urbana
1104 1569 1343 1618 celebrare
1377 1571 1591 1620 actiones
1627 1577 1673 1620 et
1707 1571 1932 1620 resistere
1968 1586 2089 1620 con-

254 1650 304 1690 10
338 1639 591 1702 spirationi
628 1639 939 1702 patriciorum
978 1640 1184 1702 possint.
1236 1640 1581 1703 praeiudicium
1617 1642 1713 1690 iam
1750 1641 1806 1690 de
1840 1641 1933 1690 reis
1961 1648 2007 1690 et
2031 1641 2088 1690 ab

340 1717 509 1757 senatu
535 1716 580 1757 et
607 1710 663 1757 ab
692 1711 872 1773 populo
896 1710 1114 1757 Romano
1143 1717 1188 1758 et
1215 1711 1272 1758 ab
1292 1710 1513 1774 ipsorum
1536 1711 1728 1774 collegis
1755 1711 1933 1760 factum
1955 1727 2085 1760 esse:

253 1789 300 1830 11
338 1794 449 1828 nam
478 1786 523 1827 et
549 1787 744 1828 senatus
773 1781 994 1828 consulto
1023 1795 1107 1828 eos
1135 1780 1191 1828 ab
1219 1796 1269 1829 re
1293 1781 1478 1844 publica
1498 1788 1715 1830 remotos
1737 1797 1857 1841 esse,
1884 1788 1930 1830 et
1949 1797 2088 1830 recu-

340 1858 499 1898 santes
536 1850 754 1898 abdicare
791 1866 843 1898 se
878 1850 1158 1912 magistratu
1199 1851 1446 1900 dictatoris
1484 1857 1616 1900 metu
1642 1851 1699 1899 ab
1727 1851 1918 1915 collegis
1946 1866 2090 1901 coer-

339 1921 460 1968 citos
489 1936 618 1975 esse,
648 1927 694 1968 et
719 1920 952 1987 populum
981 1920 1254 1969 Romanum
1281 1921 1504 1969 tribunos
1532 1936 1732 1980 creasse,
1767 1921 1847 1985 qui
1873 1936 1973 1970 non
1998 1921 2090 1970 idi-

337 1990 428 2038 bus
470 1990 839 2047 Decembribus,
882 1991 956 2038 die
991 1991 1239 2052 sollemni,
1276 1991 1358 2039 sed
1396 1992 1634 2055 extemplo
1670 1992 1770 2040 Kal.
1799 1991 2089 2040 Octobribus

337 2060 671 2123 magistratum
697 2061 984 2124 occiperent,
1014 2061 1120 2124 quia
1143 2069 1268 2109 stare
1289 2061 1467 2110 diutius
1488 2077 1564 2110 res
1586 2062 1772 2126 publica
1793 2062 1866 2110 his
1888 2076 2090 2110 manen-

254 2139 304 2179 12
340 2130 465 2178 tibus
502 2131 550 2178 in
588 2131 869 2192 magistratu
905 2145 1004 2178 non
1041 2138 1230 2193 posset:
1272 2140 1317 2180 et
1350 2139 1509 2180 tamen
1546 2147 1629 2181 eos
1656 2139 1730 2181 tot
1754 2132 1941 2180 iudiciis
1969 2147 2088 2180 con-

336 2201 500 2247 fossos
529 2201 997 2264 praedamnatosque
1023 2202 1183 2249 venire
1211 2203 1269 2250 ad
1291 2202 1458 2266 populi
1479 2202 1723 2259 iudicium,
1752 2209 1799 2251 et
1818 2201 2090 2250 existimare

338 2271 591 2319 defunctos
621 2287 672 2319 se
697 2287 804 2319 esse
825 2271 1039 2334 satisque
1060 2287 1328 2335 poenarum
1351 2272 1558 2330 dedisse,
1587 2273 1716 2336 quod
1738 2272 1927 2320 duobus
1948 2286 2087 2319 men-

336 2423 453 2462 Nieb.
479 2423 525 2463 R.
552 2423 598 2463 G.
625 2423 663 2474 2,
688 2423 782 2462 558.
806 2447 860 2452 —
884 2424 1038 2477 trepidi
1058 2437 1092 2464 r.
1117 2439 1168 2475 3.,
1244 2426 1498 2477 ,frequentia
1510 2426 1858 2478 prosequentium
1877 2424 2087 2464 consulem

337 2479 403 2527 36,
428 2479 490 2528 31,
516 2480 553 2517 4.
574 2503 626 2507 —
649 2482 796 2531 quibus
819 2480 885 2519 dil.
909 2486 987 2519 etc.
1011 2481 1085 2519 der
1101 2479 1165 2519 ln·
1258 2480 1526 2520 celebratum.
1558 2502 1613 2508 —-
1644 2480 1951 2533 praeiudicium
1992 2486 2086 2531 etc„

338 2536 425 2573 halt
446 2536 519 2573 der
539 2535 854 2585 Anklagereden
880 2537 916 2574 in
937 2535 1165 2574 Contionen

336 2592 416 2629 und
448 2591 536 2629 dem
562 2590 894 2639 Volksgerichte.
923 2614 978 2619 —
1008 2605 1166 2643 est-seq„

336 2647 578 2697 gerichtlich
609 2660 658 2684 zu
689 2646 902 2694 verl‘olgen
936 2648 1016 2684 und
1047 2660 1091 2686 so
1117 2660 1167 2685 zu

338 2703 503 2750 r'zichen,
526 2715 557 2741 s.
577 2700 613 2752 3,
641 2701 703 2751 13,
728 2701 773 2749 33
798 2702 848 2740 ib.
870 2702 936 2750 25,
961 2702 997 2740 8.

397 2758 519 2797 7-11.
561 2762 757 2806 conpecto
781 2759 856 2796 wie
880 2757 1084 2810 depecisci
1104 2758 1167 2797 bei

338 2814 507 2854 Plautus
531 2815 630 2852 nach
654 2815 727 2852 der
745 2815 942 2862 Analogie
967 2826 1043 2852 von
1068 2827 1164 2853 con-

338 2874 512 2910 iectum:
543 2871 617 2909 der
649 2870 738 2909 ΑΜ.
763 2871 816 2909 ist
845 2870 1055 2908 adverbial
1087 2871 1165 2910 wie

339 2926 377 2976 6,
397 2926 463 2976 33,
482 2927 524 2965 7:
543 2929 778 2980 inproviso:
800 2927 1054 2975 gewohnlich
1076 2927 1168 2966 tritt

339 2997 394 3022 ex
417 2984 552 3021 hinzu.
570 3005 623 3010 —
644 2996 718 3022 nec
740 2982 790 3022 de
810 2985 928 3034 agris
952 2989 1047 3031 etc.,
1070 2995 1102 3021 s.
1127 2983 1165 3033 4,

342 3038 416 3087 58,
458 3038 522 3078 12.
559 3061 613 3066 -
636 3040 860 3091 frequent.
888 3062 914 3067 —
943 3038 1165 3088 celebrare,

342 3096 406 3134 bei
444 3095 699 3133 zahlreicher
726 3094 1036 3143 Versammlung
1070 3108 1165 3133 ver-

341 3152 528 3199 handeln,
551 3152 676 3189 durch
701 3152 884 3190 dicselbe
907 3150 1166 3190 ihnenWiir-

340 3207 389 3245 de
412 3207 556 3257 geben,
579 3208 662 3257 vgl.
686 3206 723 3257 3,
748 3206 815 3257 31,
838 3207 884 3254 23
909 3207 976 3257 44,
1000 3206 1161 3254 2217:

340 3263 541 3303 traditum
585 3267 652 3302 est
688 3267 913 3304 memoriae
950 3266 1112 3303 maiore
1138 3287 1165 3290 —

1258 2536 1340 2585 vgl.
1364 2535 1409 2585 3,
1440 2535 1514 2584 40,
1549 2535 1611 2574 11.
1634 2557 1689 2564 —
1708 2538 1758 2575 ab
1780 2549 1827 2576 re
1844 2536 1989 2591 pubL,
2006 2548 2084 2576 von

1255 2592 1330 2630 der
1347 2591 1763 2639 Staatsverwaltung.
1782 2595 1905 2632 —ab
1925 2592 2028 2646 coll„
2050 2606 2085 2632 c.

1258 2647 1296 2697 9,
1320 2648 1358 2686 4.
1380 2670 1434 2675 —
1455 2651 1584 2699 stare,
1606 2647 1645 2698 4,
1669 2646 1706 2700 3,
1731 2648 1767 2688 7.

1318 2759 1378 2798 12.
1426 2760 1650 2810 confossos
1670 2772 1749 2798 von
1782 2759 2083 2810 Angeklagten,

1256 2816 1412 2854 welche
1460 2815 1579 2855 keine
1621 2816 1818 2855 Aussicht
1852 2817 1926 2855 aut·
1964 2815 2083 2855 Frei-

1257 2873 1489 2923 sprechung
1512 2872 1664 2920 baben,
1701 2884 1733 2910 s.
1757 2871 1914 2910 Seneca
1936 2872 1985 2911 de
2007 2872 2084 2911 vit.

1260 2928 1296 2966 b.
1347 2927 1412 2977 27,
1456 2928 1503 2974 63
1546 2928 1648 2966 eben
1685 2940 1730 2966 so
1766 2926 2000 2980 iugulatus.
2030 2949 2086 2957 —

1255 2983 1605 3050 praedamnatos,
1635 2983 1757 3022 durch
1781 2984 1852 3022 das
1876 2983 2086 3035 praeiudi-

1258 3040 1376 3079 cium.
1399 3062 1453 3068 —
1476 3043 1638 3089 venire,
1675 3051 1765 3078 man
1787 3039 1900 3079 h'atte
1923 3051 2084 3078 erwar-

1256 3101 1324 3134 ten
1369 3096 1521 3147 sollen,
1561 3095 1656 3134 dass
1699 3095 1760 3134 sie
1805 3095 1843 3133 in
1884 3095 1956 3134 das
1987 3094 2083 3135 Exit

1255 3153 1384 3201 gehen
1427 3152 1610 3191 wiirden.
1653 3173 1704 3179 —
1747 3150 1999 3203 defunctos,
2043 3150 2082 3199 4,

1253 3207 1396 3303 3⁴2,84.
1421 3231 1474 3237 —
1503 3208 1688 3258 duobus,
1720 3207 2014 3258 verringernd,
2045 3219 2080 3246 c.

1289 3294 1299 3313 ,
1352 3295 1358 3302 .
