2221 3537
284 226 350 277 98
892 222 1054 264 LIBER
1085 221 1154 264 111.
1215 221 1331 262 cAP.
1354 221 1421 261 50.
1832 238 1867 262 ⁸.
1892 220 1929 262 ,ις
1954 229 2034 266 305.

220 363 244 401 6
281 352 371 400 sibi
405 352 549 400 vitam
584 349 705 399 filiae
741 365 827 399 sua
861 349 1095 399 cariorem
1120 349 1286 409 fuisse,
1308 348 1349 396 si
1374 346 1550 396 liberae
1575 360 1631 395 ac
1653 344 1855 410 pudicae
1877 344 2035 396 vivere

279 423 462 471 licitum
490 420 689 479 fuisset3
712 435 822 469 cum
844 420 970 468 velut
996 435 1183 468 servam
1206 419 1264 467 ad
1286 425 1511 482 stuprum
1532 417 1636 481 rapi
1657 416 1850 473 videret,
1877 422 2035 466 morte

279 492 432 541 amitti
458 491 629 540 melius
657 497 813 539 ratum
843 505 988 554 quam
1016 488 1305 538 contumelia
1330 489 1522 544 liber08‚
1551 485 1883 536 misericordia
1907 500 1961 534 se
1984 486 2034 536 in

217 576 239 614 τ
280 562 491 626 speciem
520 561 812 610 crudelitatis
849 561 1055 624 lapsum.
1114 574 1203 608 nec
1238 575 1290 608 se
1323 558 1636 622 superstitem
1670 557 1790 605 filiae
1813 555 2034 606 futurum

276 633 443 693 fuisse,
465 632 558 681 nisi
581 648 717 696 spem
740 631 1044 680 ulciscendae
1064 629 1236 678 mortis
1257 629 1359 678 eius
1381 629 1429 677 in
1452 627 1624 677 auxilio
1647 626 2033 676 commilitonum

279 703 548 752 habuisset.
606 702 696 750 illis
741 717 933 765 quoque
978 700 1107 748 enim
1151 700 1269 748 filias
1318 713 1514 747 sorores
1550 698 1880 760 coniugesque
1910 712 2034 756 esse,

278 789 367 822 nec
402 789 511 822 cum
548 772 639 820 lilia
668 787 755 819 sua
781 771 1025 819 libidinem
1053 770 1178 834 Appi
1206 769 1370 819 Claudi
1391 769 1649 817 extinctam
1677 781 1799 825 esse,
1825 767 1909 815 sed
1937 781 2032 830 quo

218 858 241 897 8
279 843 549 908 inpunitior
583 842 665 897 sit,
701 857 756 889 eo
795 841 1146 889 effrenatiorem
1190 840 1311 888 fore.
1372 839 1523 887 aliena
1558 836 1822 885 calamitate
1879 836 2034 886 docu-

277 922 492 962 mentum
530 913 694 960 datum
731 910 819 959 illis
856 911 1089 959 cavendae
1126 910 1296 958 similis
1325 908 1538 957 iniuriae.
1589 906 1718 971 quod
1747 905 1804 954 ad
1831 920 1885 954 se
1909 906 2034 956 adti-

276 991 402 1040 neat,
439 997 640 1030 uxorem
675 981 765 1029 sibi
800 981 896 1028 fato
941 986 1183 1042 ereptam,
1213 979 1381 1037 liliam,
1410 978 1520 1042 quia
1553 991 1653 1026 non
1686 976 1811 1025 ultra
1855 976 2028 1041 pudica

215 1061 238 1099 9
278 1055 456 1101 victura
494 1051 660 1108 fuerit,
696 1051 924 1099 miseram
960 1051 1044 1098 sed
1071 1050 1327 1098 honestam
1357 1055 1565 1097 mortem
1594 1045 1904 1107 occubuisse3
1929 1061 2032 1096 non

275 1139 382 1172 esse
408 1122 501 1170 iam
529 1122 652 1186 Appi
678 1121 863 1169 libidini
890 1120 1050 1169 locum
1078 1120 1127 1168 in
1154 1120 1301 1168 domo
1324 1134 1435 1178 sua3
1469 1118 1526 1167 ab
1562 1117 1655 1166 alia
1680 1116 1902 1165 violentia
1921 1116 2031 1166 eius

275 1194 446 1242 eodem
490 1208 540 1240 se
588 1191 750 1240 animo
787 1206 929 1240 suum
970 1205 1147 1254 corpus
1185 1190 1564 1246 vindicaturum,
1601 1203 1697 1252 quo
1727 1186 2033 1236 vindicaverit

188 1273 236 1312 10
277 1264 418 1312 filiae:
460 1262 603 1310 ceteri
639 1262 728 1310 sibi
756 1277 809 1310 ac
834 1261 993 1309 liberis
1022 1261 1122 1309 suis
1150 1261 1472 1308 consulerent.
1517 1258 1634 1307 haec
1655 1257 1876 1320 Verginio
1899 1257 2031 1306 voci-

277 1332 450 1381 feranti
478 1332 805 1381 succlamabat
831 1331 1103 1387 multitud0‚
1131 1345 1221 1379 nec
1246 1331 1372 1379 illius
1401 1328 1555 1377 dolori
1582 1343 1672 1377 nec
1691 1342 1807 1376 suae
1826 1326 2033 1376 libertati

274 1421 327 1453 se
362 1403 630 1451 defuturos
692 1410 738 1450 et
770 1402 955 1450 inmixti
990 1401 1157 1450 turbae
1192 1401 1396 1449 militum
1432 1398 1580 1462 togati
1617 1413 1726 1447 cum
1763 1397 1926 1446 eadem
1953 1396 2031 1446 illa

274 1473 521 1538 querendo
551 1472 882 1536 docendoque,
912 1478 1092 1534 quanto
1123 1471 1218 1519 visa
1247 1486 1389 1534 quam
1412 1470 1571 1518 audita
1591 1467 1861 1530 indigniora
1883 1473 2030 1531 potu-

273 1545 397 1592 erint
431 1543 603 1600 videri,
646 1542 790 1590 simul
825 1541 1125 1605 profligatam
1154 1541 1247 1589 iam
1275 1556 1376 1589 rem
1405 1538 1673 1587 nuntiando
1702 1537 1885 1586 Romae
1911 1551 2032 1597 esse,

186 1622 227 1662 11
274 1616 613 1676 insecutosque
648 1613 728 1675 qui
762 1612 968 1676 Appium
1006 1627 1160 1676 prope
1194 1611 1537 1673 interemptum
1571 1608 1620 1657 in
1655 1608 1847 1656 exilium
1872 1607 2033 1657 abisse

270 1783 468 1822 welterer
490 1781 730 1830 Bedeutung
751 1779 998 1830 gebraucht,
1032 1780 1105 1818 da-
1197 1779 1295 1828 lung
1331 1791 1370 1817 u.
1405 1789 1441 1816 a.
1471 1801 1521 1805 ——
1553 1775 1836 1822 consulerent,
1874 1775 2031 1815 wieder

271 1842 343 1879 her
375 1840 429 1878 ist
457 1838 631 1877 liberum
664 1849 740 1875 zur
768 1848 1002 1886 genaueren
1026 1836 1104 1874 Be·
1196 1836 1268 1874 das
1305 1831 1483 1886 imperf„
1520 1832 1700 1871 welches
1736 1832 1774 1870 in
1811 1830 2031 1871 Aufforde·

269 1897 489 1944 stimmung
518 1895 598 1932 und
621 1893 872 1943 Steigerung'
903 1893 1104 1939 hinzuge-
1195 1903 1350 1940 rungen
1382 1889 1638 1940 gewohnlich
1669 1889 1738 1926 ist.
1768 1909 1822 1915 —
1851 1900 1946 1927 eum
1972 1908 2029 1916 —

268 1949 861 2001 ffigt.—m·ersarentur,als
879 1949 996 1987 einen
1019 1947 1103 1988 Un-
1194 1947 1322 1986 simul
1371 1947 1515 1985 stehen
1567 1945 1605 1984 in
1665 1943 2030 1994 ungewiihnlicher

269 2011 425 2056 remen,
448 2007 529 2056 vgl.
553 2005 651 2045 Tac.
677 2006 780 2044 Hist.
799 2005 834 2056 3,
858 2004 927 2043 25:
950 2017 1102 2058 preca·
1195 2002 1341 2042 &Veise
1383 2003 1421 2040 in
1460 2001 1696 2050 sseziehung
1731 2013 1782 2039 zu
1819 1999 2028 2049 einander,

269 2066 393 2104 batur
413 2066 549 2117 piatos
570 2064 708 2115 patris
736 2075 896 2110 manes,
928 2073 1029 2100 neve
1057 2074 1103 2100 se
1194 2060 1329 2098 indem
1353 2058 1398 2098 L.
1423 2071 1468 2098 so
1500 2057 1681 2108 beginnt,
1708 2056 1771 2095 als
1801 2055 1851 2094 oh
1881 2067 1929 2095 er
1955 2055 2030 2095 mit

265 2124 314 2160 ut
364 2119 628 2173 parricidam
681 2120 993 2157 aversarentur.
1044 2140 1098 2145 -—
1193 2119 1281 2155 tum
1303 2113 1557 2154 fortwahren
1576 2113 1711 2151 wolle.
1729 2135 1779 2140 —
1797 2113 2026 2166 potuerint,

251 2178 415 2228 fuisse,
448 2175 543 2214 weil
566 2187 610 2213 es
640 2175 677 2212 in
711 2180 815 2213 orat.
848 2180 960 2213 recta
993 2173 1101 2211 heis-
1193 2173 1257 2211 ein
1296 2171 1459 2210 solches
1496 2170 1560 2209 bei
1590 2168 1741 2217 rideri,
1780 2180 1844 2206 wo
1874 2168 1953 2206 wir
1979 2179 2025 2207 es

264 2246 337 2272 sen
370 2232 530 2270 wiirde:
562 2233 704 2270 carior
731 2231 842 2280 falt3
883 2243 919 2268 c.
951 2229 1017 2279 72,
1050 2230 1097 2277 73
1193 2229 1305 2268 nicht
1327 2227 1571 2272 vermissen‚
1602 2229 1868 2275 zugesetztea
1886 2236 2025 2277 posse,

264 2291 330 2337 35,
355 2288 421 2336 32,
449 2287 491 2326 8:
521 2287 913 2339 optimumsaisse3
949 2286 1000 2324 ib.
1035 2285 1098 2334 15,
1192 2298 1224 2323 s.
1246 2297 1296 2323 zu
1315 2297 1349 2322 c.
1368 2283 1436 2332 34,
1461 2283 1507 2328 ὃς
1526 2281 1592 2329 36,
1610 2282 1656 2327 63
1675 2279 1743 2329 36,
1761 2278 1890 2330 35,11
1915 2292 1953 2318 u.
1972 2292 2023 2330 o.‚

265 2346 309 2384 3:
332 2344 510 2384 indolem
522 2345 674 2396 secisse
695 2345 934 2397 appareret,
958 2340 1039 2392 vgl.
1064 2355 1098 2380 c.
1190 2341 1298 2380 liisst
1319 2340 1404 2378 sich
1426 2335 1656 2377 aufsassen:
1685 2349 1728 2374 es
1759 2335 1866 2386 liege
1888 2335 1927 2374 iu
1950 2336 2025 2375 der

268 2401 329 2447 19,
359 2400 426 2439 12:
453 2402 606 2450 fuerit,
635 2406 753 2439 sonst
774 2399 915 2437 wiirde
946 2411 990 2437 es
1023 2399 1098 2436 wie
1191 2395 1326 2436 Natur
1347 2395 1421 2433 der
1437 2394 1583 2441 Saeuo,
1605 2393 1699 2431 dass
1719 2405 1764 2430 es
1780 2404 1826 2430 so
1844 2391 2025 2431 erschie-

260 2458 286 2508 ξ
311 2458 331 2494 7
356 2463 502 2505 gesagt
521 2457 625 2495 sein.
1189 2465 1266 2491 nen
1290 2452 1367 2499 sei,
1390 2450 1471 2499 vgl·
1494 2451 1534 2497 4,
1556 2448 1623 2496 42,
1648 2449 1692 2496 73
1718 2450 1950 2502 oportuerit
1971 2460 2024 2487 zu

320 2512 414 2552 6-3.
446 2512 612 2562 liberae,
645 2525 682 2550 n.
707 2513 772 2558 ei„
803 2524 834 2548 s.
867 2507 997 2562 praef.
1030 2509 1092 2547 11.
1188 2509 1344 2547 iiudern
1362 2508 1415 2546 ist
1434 2506 1544 2544 nicht
1563 2503 2020 2558 aotliig.-p1¹ost1}‹,>·at.,

263 2591 317 2597 —
339 2568 603 2618 contumelia,
625 2568 686 2606 als
709 2567 878 2605 Sklavin
902 2566 982 2603 und
1006 2570 1096 2603 ent-
1185 2564 1452 2611 erscbiittert‚
1467 2563 1566 2600 oder
1577 2560 2023 2600 iibertreibendzschon

265 2626 358 2663 ehrt
405 2625 516 2662 wiire
560 2626 620 2662 sie
673 2624 782 2662 nicht
829 2623 942 2660 mehr
982 2622 1096 2659 seine
1188 2633 1233 2659 so
1251 2626 1324 2669 gut
1346 2620 1424 2658 wie
1447 2618 1694 2666 vernichtet‚
1716 2630 1749 2656 s.
1773 2615 1840 2664 28,
1863 2615 1901 2667 2,
1926 2615 1991 2655 11.

264 2679 446 2719 Tocbter
498 2691 705 2729 gewesen.
763 2700 818 2706 —
872 2680 914 2716 in
972 2690 1099 2729 spec„
1248 2676 1310 2715 11.
1333 2678 1601 2726 insecutam„
1623 2686 1742 2712 wenn
1760 2673 1871 2712 nieht
1885 2672 2022 2711 dieses

262 2735 480 2775 scheinbar
502 2737 538 2775 in
563 2747 666 2774 usw.
690 2758 740 2763 —-
764 2736 867 2783 eius,
897 2747 929 2771 c.
953 2733 1019 2781 40,
1050 2732 1096 2781 3;
1190 2733 1267 2771 wie
1292 2735 1479 2786 Appium
1501 2754 1528 2760 —
1550 2731 1685 2770 obisse
1705 2729 1818 2769 bloss
1841 2741 1919 2767 von
1942 2728 2021 2767 den

263 2793 301 2839 4,
337 2792 397 2840 16,
429 2792 466 2831 7.
489 2814 544 2820 —
565 2794 685 2841 enim,
716 2790 752 2841 2,
786 2791 848 2834 13,
871 2789 909 2828 4.
948 2811 999 2816 -
1022 2790 1098 2827 lza-
1189 2788 1406 2828 lledenden
1430 2788 1633 2827 erdichtet
1650 2787 1718 2834 ist,
1741 2797 1787 2824 so
1806 2784 1912 2823 kann
1930 2796 2020 2823 mnu

263 2850 424 2888 buisset
443 2862 481 2887 n.
501 2851 700 2902 positam.
722 2868 777 2875 -—
798 2849 900 2885 sit-
921 2847 1098 2884 attineat
1187 2846 1428 2893 annehmen,
1471 2845 1566 2883 dass
1607 2843 1645 2881 in
1682 2842 1757 2880 der
1792 2838 1899 2889 Zeit,
1938 2839 2020 2879 seit

264 2907 364 2943 nach
388 2906 477 2943 dem
498 2902 656 2956 lmperf.
678 2916 741 2942 um
760 2903 835 2941 den
856 2903 1095 2949 steigenden
1189 2900 1314 2952 Verg.
1346 2902 1382 2940 in
1415 2902 1486 2939 das
1512 2899 1648 2949 Lager
1674 2897 1912 2947 gekommen
1950 2895 2020 2946 ist,

263 2961 396 3000 Affect
432 2974 483 3000 zu
520 2960 783 2999 bezeichnen.
819 2981 873 2986 —
918 2958 1096 3009 docmn.,
1188 2958 1252 2996 dic
1294 2957 1489 2996 Soldaten
1531 2952 1798 2994 versammelt
1842 2951 1921 2991 und
1966 2963 2019 2991 zu

267 3018 302 3066 l,
329 3018 393 3066 52,
433 3018 484 3064 43
514 3015 582 3064 2⁴,
613 3015 648 3065 8,
681 3015 746 3054 20.
778 3036 832 3042 —
863 3016 1094 3065 victuras,
1189 3015 1307 3052 ihnen
1339 3012 1592 3065 gesprochen
1626 3011 1705 3058 hat,
1736 3009 1800 3047 die
1830 3009 1919 3047 hier
1942 3006 2018 3046 Be-

261 3074 326 3112 die
351 3073 587 3123 Bedingung
609 3072 712 3120 liegt
733 3072 770 3110 in
794 3070 908 3110 ultra
931 3088 957 3102 ε
977 3072 1017 3109 si
1036 3070 1098 3109 ul·
1188 3071 1430 3109 zeichneten
1453 3067 1675 3116 angelangt
1700 3065 1806 3110 sind,
1837 3065 1925 3103 ihre
1945 3075 2018 3103 er-

263 3133 330 3168 tra
352 3131 546 3178 ria-isset,
578 3129 656 3178 vgl.
681 3129 719 3174 4,
743 3126 810 3174 52,
834 3127 872 3165 3.
1185 3127 1392 3165 dichteten
1417 3123 1610 3173 Angaben
1633 3122 1733 3160 aber
1754 3121 1865 3159 nicht
1884 3119 2018 3158 selbst

317 3187 441 3225 9-10.
472 3185 569 3230 alla,
593 3197 677 3222 was
699 3196 746 3222 er
767 3188 884 3222 const
906 3181 1007 3220 iiber
1029 3182 1094 3220 ibn
1183 3188 1422 3231 vorti-agen,
1472 3179 1650 3219 sondern
1700 3178 1836 3221 dieses
1884 3175 2016 3214 denen

262 3242 484 3292 vei-hange,
544 3239 815 3291 Gesangniss,
860 3238 1094 3279 Misshand-
1183 3237 1443 3288 iiberlassen‚
1483 3235 1669 3276 welchen
1706 3234 1767 3273 aio
1802 3230 2016 3272 diuselben
