2221 3537
103 281 138 307 ι.
164 272 232 307 mn.
258 272 336 305 880.
740 258 899 301 LIBER
938 258 987 301 V.
1042 257 1159 300 CAP.
1184 258 1251 299 51.
1770 260 1864 310 361

104 402 200 455 que
225 387 289 438 ita
314 387 456 438 verba
480 386 615 437 fecit:
651 388 830 446 „Adeo
856 386 975 436 mihi
1002 385 1199 436 acerbae
1226 393 1364 446 sunt,
1393 386 1630 446 QuiriteS‚
1660 393 1862 435 conten·
1900 388 1964 436 51

104 458 265 510 tiones
292 473 403 508 cum
428 457 637 508 tribunis
665 457 834 522 plebis,
862 464 914 506 ut
937 471 1027 506 nec
1053 455 1319 505 tristissimi
1346 457 1469 506 exilii
1491 457 1722 506 solacium
1743 456 1868 507 aliud

100 528 370 587 habuerim,
398 528 559 593 quoad
586 528 769 577 Ardeae
795 527 903 585 vixi,
933 542 1076 592 quam
1104 527 1234 591 quod
1263 528 1432 591 procul
1459 527 1517 577 ab
1545 528 1619 577 his
1645 528 1868 577 certami-

99 598 247 651 nibus
281 613 436 658 etaim
477 605 524 647 et
562 599 625 648 ob
663 598 829 647 eadem
865 597 985 646 haec
1018 611 1117 645 non
1155 597 1195 645 si
1235 598 1437 646 milliens
1465 598 1616 647 senati
1643 598 1867 647 consulto

99 668 367 736 populique
386 668 526 719 iussu
546 669 853 727 revocaretiS,
879 668 1121 717 rediturus
1143 683 1375 732 umquam
1398 669 1586 717 fuerim.
1634 684 1722 717 nec
1743 683 1871 717 nunc
1906 680 1930 722 2

99 755 198 800 me,
224 747 280 790 ut
305 740 532 798 redirem,
553 755 660 788 mea
682 739 903 788 voluntas
925 745 1108 787 mutata
1133 739 1218 787 sed
1243 746 1400 787 vestra
1422 739 1615 787 fortuna
1640 739 1871 804 perpulit:

100 810 282 877 quippe
320 817 373 860 ut
407 810 454 860 in
488 826 575 860 sua
612 809 724 859 sede
749 816 968 859 maneret
996 810 1172 873 patria,
1208 809 1254 858 id
1283 809 1535 873 agebatur,
1575 823 1675 858 non
1703 817 1754 857 ut
1781 825 1866 872 ego

100 881 266 946 utique
291 880 338 930 in
367 881 519 946 patria
547 896 723 930 essem.
770 888 818 929 et
844 895 973 929 nunc
1001 881 1300 945 quiescerem
1331 896 1386 929 ac
1413 886 1622 929 tacerem
1652 879 1865 933 libenter,

98 951 195 1002 nisi
229 952 347 1001 haec
381 967 576 1016 quoque
613 967 702 1016 pro
731 953 883 1015 patria
911 951 1153 1000 dimicatio
1182 958 1335 1009 esset,
1371 950 1444 1000 cui
1473 951 1665 1007 deesse,
1707 950 1867 1015 quoad

96 1022 191 1072 vita
217 1029 461 1087 suppetat,
490 1022 592 1071 aliis
619 1029 774 1086 turpe,
805 1022 1001 1071 Camillo
1030 1023 1171 1071 etiam
1200 1022 1336 1070 nefas
1365 1028 1452 1070 est.
1500 1021 1612 1086 quid
1635 1021 1766 1070 enim
1788 1036 1866 1070 re·
1904 1031 1928 1071 3

98 1091 350 1159 petiimuS,
391 1093 502 1157 quid
534 1093 785 1142 obsessam
815 1109 870 1141 ex
901 1093 1113 1142 hostium
1144 1093 1366 1142 manibus
1394 1092 1686 1156 eripuimuS,
1722 1092 1762 1141 si
1791 1107 1867 1141 re—

100 1171 380 1229 cuperatam
417 1164 510 1228 ipsi
549 1161 862 1213 deserimus?
901 1171 947 1212 et
975 1180 1084 1213 cum
1115 1164 1380 1212 victoribus
1411 1162 1577 1219 Gallis,
1609 1170 1743 1226 capta
1772 1168 1869 1211 tota

97 1234 234 1294 urbe,
261 1233 550 1299 Capitolium
587 1242 748 1283 tamen
782 1241 924 1297 atque
959 1250 1117 1283 arcem
1147 1234 1309 1298 diique
1336 1241 1382 1283 et
1410 1234 1634 1282 homines
1663 1233 1870 1282 Romani

98 1305 343 1354 tenuerint
366 1305 735 1367 [habitaverint],
764 1304 1028 1353 victoribus
1052 1305 1301 1361 RomaniS,
1328 1311 1612 1368 recuperata
1635 1303 1768 1360 urbe,
1788 1318 1870 1351 arx

99 1390 295 1440 quoque
329 1382 376 1424 et
402 1374 691 1439 Capitolium
733 1375 1008 1432 deseretur,
1046 1381 1092 1423 et
1119 1374 1226 1438 plus
1254 1374 1490 1423 vastitatis
1519 1374 1631 1423 huic
1656 1373 1763 1423 urbi
1791 1389 1869 1422 se-

100 1445 258 1496 cunda
280 1452 446 1495 nostra
467 1446 659 1494 fortuna
681 1445 834 1502 faciet,
861 1460 1005 1510 quam
1022 1446 1220 1494 adversa
1237 1443 1384 1494 fecit?
1408 1445 1648 1510 equidem,
1671 1445 1709 1492 si
1726 1444 1869 1493 nobis

100 1532 212 1566 cum
249 1516 367 1566 urbe
403 1516 547 1566 simul
575 1517 762 1580 positae
790 1516 1085 1580 traditaeque
1113 1531 1200 1580 per
1226 1531 1398 1564 manus
1427 1516 1685 1580 religiones
1713 1515 1869 1564 nullae

98 1594 286 1644 essent,
323 1595 485 1636 tamen
521 1594 618 1636 tam
655 1586 850 1636 evidens
886 1602 1067 1636 numen
1105 1588 1192 1635 hac
1227 1592 1515 1650 tempestate
1543 1586 1688 1636 rebus
1716 1586 1868 1636 adfuit

94 1657 347 1717 RomaniS,
373 1664 425 1707 ut
451 1672 648 1706 omnem
678 1657 1029 1720 neglegentiam
1060 1657 1207 1706 divini
1231 1657 1386 1706 cultus
1409 1664 1678 1722 exemptam
1704 1656 1865 1705 homi-

97 1728 241 1778 nibus
278 1735 460 1792 putem.
513 1728 767 1777 intuemini
796 1728 922 1776 enim
951 1729 1130 1776 horum
1159 1728 1388 1792 deinceps
1417 1743 1657 1776 annorum
1687 1727 1756 1776 vel
1785 1743 1865 1776 se-

96 1799 281 1849 cundas
306 1814 384 1848 res
415 1799 483 1847 vel
511 1799 764 1858 adversas3
800 1798 1054 1848 invenietis
1084 1798 1247 1848 omnia
1277 1814 1514 1864 prospere
1543 1799 1760 1848 evenisse
1787 1814 1864 1847 se·

160 1995 194 2036 1.
227 1995 371 2036 eadem
388 1996 501 2045 llaec,
525 1996 678 2046 gerade
701 1995 816 2035 diese
827 1994 935 2034 Ver-

97 2051 317 2092 hiiltnisse.
341 2075 395 2081 —
423 2066 506 2092 non
536 2054 594 2100 si,
632 2053 697 2091 die
732 2051 935 2102 Negation

97 2109 155 2149 ist
173 2109 250 2149 wie
267 2109 332 2149 bei
350 2109 442 2149 dem
460 2109 699 2160 hiiufigeren
719 2123 771 2148 ne
787 2111 827 2148 si
846 2110 936 2161 qui-

99 2165 214 2215 dem,
244 2178 277 2206 s.
308 2165 354 2218 4,
384 2164 429 2212 3,
468 2165 539 2214 17,
569 2166 641 2204 des
667 2164 936 2205 Nachdrucks

97 2234 244 2272 wegen
282 2235 362 2262 von
402 2223 491 2261 dem
531 2221 786 2274 Hauptsatze
825 2223 939 2270 (um-

98 2281 241 2332 quam)
279 2283 475 2329 getrennt
508 2279 588 2317 und
619 2291 668 2317 an
707 2279 771 2317 die
795 2278 937 2330 Spitze

97 2334 283 2386 gestent.
307 2357 363 2363 ——
383 2334 578 2381 milliens,
607 2347 641 2374 s.
665 2334 705 2385 4,
729 2334 765 2384 2,
791 2334 838 2375 8:
870 2333 937 2384 21,

97 2390 240 2441 43,.18
258 2404 296 2431 u.
314 2403 352 2431 a.
370 2414 423 2419 —
440 2393 583 2430 senati
600 2404 650 2440 c.,
669 2391 706 2430 in
727 2391 845 2429 einer
860 2404 938 2440 gu-

98 2447 280 2488 tenflds.
304 2447 431 2487 findet
451 2448 537 2487 sich
559 2449 700 2487 senati
720 2447 937 2496 consultis,

99 2505 207 2545 daun
237 2503 337 2543 uber
368 2504 481 2544 wiire
511 2505 614 2543 auch
640 2504 937 2558 popule'e’usse's

99 2573 151 2601 zu
174 2566 407 2610 erwarten,
436 2573 468 2600 s.
499 2559 573 2610 38,
604 2560 678 2611 51,
710 2561 754 2599 4:
784 2564 937 2600 nutum

98 2619 191 2658 eius
205 2629 284 2671 pso
302 2615 481 2657 decreti-5
496 2620 669 2670 patrum
690 2630 770 2671 pro
790 2616 938 2671 populi

97 2674 228 2715 iussis
251 2687 367 2713 esse:
397 2673 457 2725 10,
489 2673 554 2723 37,
588 2672 657 2712 11:
682 2673 936 2713 voluntatem

97 2754 126 2760 -
147 2731 449 2771 consentientis
476 2728 624 2784 populi
640 2743 719 2784 pro
744 2731 936 2770 omnibus

98 2789 230 2828 iuxeis
253 2800 359 2827 esse.
384 2809 433 2814 —
458 2799 533 2825 nec
555 2799 684 2834 nunc,
715 2791 837 2826 unter
858 2787 936 2826 den

98 2842 342 2883 wirklichen
380 2841 720 2892 Verhiiltnisscn,
764 2843 814 2881 im
852 2841 936 2882 Ge-

99 2905 274 2951 gensatz
298 2913 348 2938 zu
372 2899 447 2938 den
474 2898 666 2949 lingirten
691 2899 728 2938 in
761 2911 935 2939 revoca-

99 2959 203 2998 retis
226 2962 326 3004 etc.‚
366 2955 411 3005 3,
450 2955 523 3005 72,
555 2955 600 2994 7:
638 2955 681 3002 1,
711 2954 783 3001 28,
816 2954 863 3001 9;
895 2959 936 2995 et

97 3025 209 3054 nunc
245 3012 428 3064 dagegen
460 3011 705 3051 bezeichnet
736 3011 802 3050 die
826 3010 934 3064 Zeit,

99 3069 152 3110 im
171 3067 435 3120 Gegensatze
459 3082 509 3108 zu
532 3069 764 3108 habuerim.
788 3090 842 3096 —
865 3081 934 3108 re-

98 3129 307 3167 vocaretis
328 3126 554 3178 —suere'ni,
579 3138 612 3164 s.
644 3125 683 3174 4,
706 3124 772 3174 38,
798 3125 844 3174 5;
869 3125 934 3177 44,

101 3181 498 3233 20,1;3·1,14,5;
531 3181 597 3231 26,
620 3181 687 3230 31,
711 3180 736 3219 9
757 3194 797 3219 u.
819 3193 856 3220 a.
879 3204 935 3210 —

100 3240 264 3293 ulique,
287 3238 332 3290 3,
361 3238 402 3289 1,
425 3238 463 3279 2.
485 3261 541 3268 —
563 3237 682 3290 quid,
713 3250 746 3276 s.
771 3236 843 3288 31,
866 3237 934 3289 39,

103 3295 147 3336 l:
187 3307 282 3337 cum
323 3297 482 3336 venisse
533 3294 852 3335 caduceatorem
901 3298 942 3335 et

1028 1995 1130 2048 quid
1148 1997 1334 2035 venissel
1353 1997 1597 2035 ammarum
1627 1998 1702 2035 est.
1724 2017 1781 2024 —
1802 2008 1869 2035 re·

1026 2055 1131 2106 ρει,
1171 2067 1210 2092 n.
1232 2054 1433 2107 patriam.
1477 2051 1560 2092 Der
1588 2059 1701 2092 erste
1726 2050 1869 2092 Grund

1028 2122 1159 2159 gegen
1192 2110 1257 2148 die
1282 2108 1501 2160 Rogation.
1525 2131 1579 2137 —
1610 2111 1823 2149 tenuerint
1844 2127 1869 2142 =

1031 2167 1311 2215 obtinuerint,
1341 2166 1446 2205 dazu
1470 2166 1632 2205 scheint
1652 2166 1868 2205 habitare·

1031 2225 1121 2263 rint
1149 2223 1213 2261 ein
1239 2221 1433 2261 Glossem
1463 2222 1564 2260 oder
1592 2226 1633 2261 et
1660 2220 1869 2272 nusgefal-

1031 2279 1096 2318 len
1121 2291 1171 2317 zu
1196 2279 1306 2324 scin,
1339 2278 1388 2317 da
1421 2278 1485 2317 ein
1511 2278 1754 2331 Asyndeton
1780 2278 1869 2317 bier

1032 2336 1144 2374 nicht
1166 2336 1354 2374 motivirt
1383 2335 1511 2373 wiire.
1535 2357 1589 2363 ——
1612 2333 1797 2374 secunda
1826 2348 1868 2374 η.

1017 2393 1088 2444 s.,
1120 2391 1166 2442 2,
1192 2391 1264 2441 23,
1288 2391 1335 2434 4ς
1359 2390 1434 2439 31,
1469 2390 1515 2429 31
1535 2423 1543 2439 ,
1579 2390 1646 2430 12;
1680 2394 1868 2446 temporo

1030 2451 1179 2488 nostro
1202 2447 1396 2488 adverso.

1086 2504 1111 2542 4
1134 2527 1158 2532 —
1187 2504 1248 2544 10.
1313 2505 1393 2544 Das
1442 2504 1650 2543 sichtbare
1696 2502 1868 2544 Walten

1029 2560 1104 2600 der
1126 2560 1278 2600 Giitter
1301 2563 1492 2611 (numen,
1522 2574 1555 2599 s.
1585 2560 1652 2608 10,
1683 2559 1758 2611 36,
1795 2560 1866 2607 12ς

1034 2617 1075 2665 1,
1108 2617 1185 2667 55,
1216 2618 1256 2667 4)
1288 2615 1449 2657 sordert
1478 2630 1570 2656 zum
1595 2617 1763 2656 Bleibeu
1786 2616 1868 2659 aus,

1030 2696 1083 2702 —
1104 2687 1182 2727 per·
1204 2687 1333 2724 man„
1356 2687 1435 2713 von
1460 2673 1574 2712 Hand
1607 2687 1656 2712 zu
1681 2673 1810 2722 Hand,
1833 2687 1866 2713 s.

1029 2730 1254 2781 9,17,10;
1285 2730 1318 2780 1,
1343 2729 1380 2778 3,
1405 2732 1452 2778 93
1485 2730 1586 2769 Sall.
1610 2729 1636 2769 1.
1661 2730 1727 2779 63,
1752 2731 1790 2769 6.
1814 2752 1867 2759 —

1027 2786 1224 2841 deinceps
1241 2787 1485 2826 attributiv:
1510 2787 1584 2825 der
1602 2787 1758 2825 letzten
1778 2783 1870 2825 auf-

1028 2841 1448 2894 einanderl'olgenden
1473 2843 1620 2886 Jahre,
1657 2842 1765 2881 aller
1794 2842 1867 2882 der

1028 2898 1156 2939 Reihe
1180 2901 1306 2939 nach:
1336 2913 1369 2939 s.
1395 2899 1467 2950 22,
1492 2899 1537 2946 7,
1567 2898 1637 2937 11:
1667 2898 1708 2947 1,
1731 2896 1805 2946 39,
1827 2897 1864 2939 3.

1027 2978 1083 2985 -
1104 2958 1308 3005 inveniet,
1340 2969 1385 2994 so
1418 2955 1529 2994 stelit
1551 2955 1624 2993 das
1649 2953 1865 3006 Futurum,

1028 3025 1147 3052 wenn
1177 3026 1222 3052 es
1254 3013 1318 3051 die
1351 3011 1480 3061 Folge
1511 3011 1626 3050 eines
1658 3023 1863 3062 vorange-

1026 3070 1184 3109 hemlen
1216 3068 1459 3121 imperativa
1491 3066 1734 3108 bezeichnet
1763 3071 1863 3108 ohne

1027 3129 1088 3176 et,
1119 3125 1166 3173 3,
1190 3125 1302 3175 2,9;
1336 3124 1408 3175 31,
1439 3124 1514 3173 29,
1543 3124 1615 3164 Ηε
1645 3124 1792 3174 6,18,
1817 3124 1864 3173 73

1027 3182 1078 3221 ib.
1103 3181 1176 3226 26,
1202 3182 1245 3228 2;
1279 3180 1353 3230 30,
1382 3180 1451 3229 18,
1485 3182 1531 3224 -1;
1561 3180 1644 3221 Cic.
1671 3180 1794 3221 Verr.
1825 3182 1864 3226 4,

1027 3238 1101 3285 52,
1144 3238 1242 3285 1153
1284 3237 1334 3277 ib.
1378 3238 1423 3288 5,
1452 3236 1639 3281 65,1sss
1671 3251 1709 3278 u.
1743 3251 1781 3277 o.
1811 3259 1864 3266 —

1030 3296 1171 3335 omnia
1207 3307 1414 3350 prospere
1447 3318 1472 3323 —
1508 3294 1707 3337 adt-ersa:
1750 3293 1864 3334 Alles

1907 1451 1932 1491 4
