2221 3537
157 251 192 277 ι.
219 242 289 277 ch.
313 242 392 276 449.

742 226 902 269 LIBER
924 226 991 268 m.
1040 226 1158 267 CAP.
1182 227 1250 268 56.
1283 228 1352 268 57.

1825 226 1923 275 113

157 365 322 410 utrum
357 358 496 408 novis
529 356 713 421 legibus
749 354 1018 403 dominatio
1054 368 1116 404 an
1143 354 1337 402 libertas
1366 356 1551 403 firmata
1579 355 1657 411 sit,
1685 360 1731 402 et
1757 353 1924 417 appel-

159 429 273 480 latio
318 428 694 494 provocatioque
738 425 971 474 adversus
1008 425 1230 474 iniuriam
1269 425 1639 487 magistratuum
1683 431 1924 473 ostentata

157 506 346 551 tantum
373 498 599 548 inanibus
628 496 798 546 litteris
825 512 884 544 an
913 511 1019 544 vere
1047 496 1153 545 data
1182 496 1258 543 sit.

298 567 478 618 Contra
500 585 552 618 ea
578 567 827 631 Verginius
858 582 1007 615 unum
1038 568 1126 629 Ap.
1155 565 1406 614 Claudium
1430 570 1475 611 et
1496 565 1651 626 legum
1677 572 1923 628 expertem
1962 568 2029 617 57

155 645 204 689 et
227 638 376 689 civilis
402 646 449 688 et
476 640 675 688 humani
703 638 913 686 foederis
935 654 1042 685 esse
1063 637 1232 685 aiebat.
1280 635 1581 698 respicerent
1602 635 1809 682 tribunal
1834 636 1922 682 ho-
1963 647 1987 686 2

155 709 328 767 mines,
357 710 604 759 castellum
634 709 854 757 omnium
883 708 1140 767 scelerum,
1169 706 1249 755 ubi
1277 706 1518 755 decemvir
1547 705 1620 752 ine
1649 713 1926 767 perpetuus,

158 781 302 832 bonis
329 780 715 845 tergo-sanguini
743 779 918 827 civium
949 778 1175 833 infestus,
1204 779 1360 840 virgas
1384 791 1676 838 securesque
1700 776 1927 822 omnibus

158 852 417 911 minitans,
459 853 664 901 deorum
702 850 1056 913 hominumque
1091 855 1428 911 contemptor,
1466 845 1802 904 carnificibus,
1831 859 1928 893 non
1967 858 1991 897 3

158 922 409 973 lictoribus
437 924 643 987 stipatus
673 922 764 970 iam
796 922 854 969 ab
883 921 1065 985 rapinis
1092 927 1140 968 et
1166 920 1391 968 caedibus
1414 918 1577 966 animo
1600 918 1657 964 ad
1680 916 1928 964 libidinem

160 1009 299 1043 verso
344 994 577 1056 virginem
623 994 881 1056 ingenuam
922 992 966 1040 in
1003 991 1155 1040 oculis
1193 990 1358 1054 popuii
1401 988 1605 1037 Romani
1646 988 1772 1035 velut
1806 987 1928 1034 hello

160 1070 346 1129 captam
375 1064 433 1113 ab
460 1064 700 1128 conplexu
730 1063 879 1126 patris
908 1062 1154 1126 abreptam
1187 1062 1410 1109 ministro
1440 1058 1641 1107 cubiculi
1670 1058 1743 1106 sui
1774 1057 1932 1105 clienti

161 1135 293 1185 dono
321 1135 530 1194 dederit3
568 1134 649 1184 ubi
687 1134 867 1183 crudeli
897 1134 1090 1182 decreto
1120 1133 1438 1194 nefandisque
1467 1129 1683 1178 vindiciis
1712 1129 1928 1176 dextram
1966 1131 1992 1171 4

161 1206 314 1271 patris
335 1206 382 1254 in
406 1206 549 1254 {iiiam
572 1205 855 1261 armaverit;
882 1203 963 1251 ubi
985 1203 1196 1251 tollentis
1220 1218 1399 1265 corpus
1427 1200 1711 1247 semianime
1739 1199 1932 1260 virginis

160 1290 401 1341 sponsum
438 1291 676 1338 avumque
705 1275 750 1323 in
781 1289 1020 1323 carcerem
1051 1273 1159 1320 duci
1188 1273 1400 1328 iusserit,
1429 1279 1600 1333 stupro
1630 1270 1932 1332 interpellato

159 1347 314 1410 magis
341 1362 484 1410 quam
513 1346 658 1394 caede
679 1353 858 1393 motuS.
907 1351 954 1392 et
974 1344 1036 1392 ini
1058 1359 1300 1392 carcerem
1323 1342 1626 1389 aedificatum
1650 1356 1776 1396 esse,
1802 1339 1933 1402 quod

161 1417 460 1467 domicilium
505 1417 659 1481 plebis
697 1416 945 1464 Romanae
981 1430 1150 1462 vocare
1187 1414 1250 1462 sit
1285 1412 1472 1461 solitus.
1534 1411 1739 1474 proinde
1774 1419 1826 1458 ut
1861 1409 1934 1456 iile
1973 1417 1996 1454 5

163 1487 336 1538 iterum
364 1505 420 1537 ac
447 1488 642 1552 saepius
672 1494 926 1552 provocet,
955 1486 1024 1534 sic
1051 1502 1103 1533 se
1130 1486 1304 1533 iterum
1335 1500 1389 1532 ac
1417 1482 1611 1545 saepius
1636 1481 1841 1529 iudicem
1873 1480 1934 1528 ini

162 1558 314 1618 ferre,
350 1559 400 1608 ni
438 1558 667 1607 vindicias
699 1558 756 1606 ab
784 1557 1003 1606 libertate
1030 1556 1077 1604 in
1106 1556 1386 1604 servitutem
1417 1554 1625 1609 dederit3
1655 1553 1692 1600 si
1723 1552 1780 1600 ad
1810 1550 1935 1599 iudi-

166 1645 269 1680 cem
305 1645 404 1679 non
441 1637 537 1687 eat,
574 1645 664 1692 pro
694 1630 922 1678 damnato
953 1628 999 1676 in
1029 1627 1178 1675 vincla
1207 1626 1316 1674 duci
1348 1624 1527 1673 iubere.
1579 1632 1630 1671 ut
1656 1623 1779 1670 haud
1810 1637 1935 1685 quo-
1972 1626 1998 1665 6

166 1716 309 1765 quam
338 1700 629 1764 inprobante
656 1699 726 1748 sic
753 1714 930 1762 magno
954 1706 1090 1746 motu
1113 1698 1407 1752 animorum,
1437 1711 1544 1743 cuin
1569 1694 1684 1742 tanti
1709 1693 1793 1741 viri
1817 1708 1937 1756 sup-

163 1770 306 1836 plicio
335 1777 524 1820 suamet
557 1770 683 1835 plebi
712 1771 804 1818 iam
833 1769 979 1817 nimia
1008 1769 1203 1817 libertas
1233 1768 1489 1826 videretur,
1519 1767 1566 1813 in
1595 1779 1835 1814 carcerem
1865 1770 1940 1812 est

167 1841 431 1892 coniectus.
483 1843 711 1891 tribunus
740 1841 781 1889 ei
809 1840 937 1889 diem
966 1839 1194 1904 prodixit.

166 2024 386 2072 advorsus,
410 2038 444 2065 s.
468 2024 505 2072 2,
532 2024 570 2075 8,
594 2024 632 2063 2.

225 2075 312 2124 57.
369 2082 385 2121 1
411 2105 438 2109 -
460 2081 499 2121 3.
551 2084 699 2121 contra
739 2093 787 2119 ea
828 2080 916 2119 hier
956 2092 1007 2119 zu

168 2143 359 2189 trennem
383 2151 417 2177 s.
443 2138 480 2187 2,
503 2137 570 2186 60,
598 2139 632 2177 l.
664 2160 720 2166 —
751 2138 938 2188 humani,
970 2136 1009 2187 4,

170 2194 235 2245 19,
273 2194 323 2243 3;
361 2196 399 2243 5,
439 2194 506 2242 27,
544 2195 583 2233 6.
620 2218 674 2223 -
712 2193 886 2241 castell„
924 2192 1007 2232 Cic.

166 2250 250 2292 Pis.
269 2252 308 2302 5,
336 2251 404 2290 ll:
430 2251 630 2305 templum
651 2275 678 2279 —
699 2249 1009 2302 castellnmso-

167 2307 560 2355 renst’slatrocini1'3
585 2307 683 2347 Tac.
710 2310 811 2356 Agr.
842 2306 908 2345 16:
939 2321 1010 2345 se-

166 2364 260 2406 dem
277 2367 577 2406 seri-itute's.—
592 2364 875 2417 carnificibus,
894 2364 1009 2402 diese

166 2422 388 2472 vouzogen
439 2423 503 2461 die
552 2421 878 2470 Hinrichtungen
935 2420 1009 2459 der

168 2478 367 2529 Sklaven,
398 2478 627 2518 besonders
656 2478 722 2517 die
754 2477 1011 2517 entehrende

169 2533 459 2586 Kreuzigu033
504 2536 660 2588 Appius
703 2535 774 2574 hut
812 2534 903 2573 niso
946 2534 1011 2573 die

169 2591 331 2642 Biirger
365 2592 429 2631 als
467 2593 605 2631 recht·
644 2592 726 2630 und
764 2591 904 2630 ebrios
942 2590 1014 2629 be-

169 2647 351 2688 haudelt.
372 2670 428 2677 —
448 2648 600 2694 clienti,
619 2648 695 2687 der
715 2648 1015 2687 schwiichende

172 2703 329 2745 Zusatz
370 2705 427 2744 ist
463 2704 678 2743 vielleicht
714 2705 778 2743 ein
822 2703 1015 2745 Glossem

171 2774 249 2802 aus
267 2760 617 2810 c.44,6.—d0no
635 2760 734 2809 d.,c.
748 2760 815 2811 45,
829 2759 875 2809 33
895 2761 963 2808 47,
977 2761 1015 2801 5.

228 2818 270 2857 4.
300 2831 484 2870 arumq„
507 2830 540 2857 s.
560 2830 594 2857 c.
611 2817 680 2864 45,
704 2816 742 2856 4.
760 2839 815 2846 —
831 2820 873 2857 in
891 2830 1015 2869 carc„

173 2888 210 2915 c.
231 2873 300 2924 49,
323 2874 362 2913 2.
386 2897 443 2903 —
463 2877 616 2928 stupro
640 2879 719 2913 etc.
752 2873 856 2912 wird
888 2875 1015 2913 durch

173 2931 239 2972 dio
282 2930 476 2981 Stellung
516 2943 579 2970 am
619 2930 734 2970 Eride
773 2930 848 2968 der
887 2930 1015 2970 durch

172 2988 471 3041 anaphorische
489 2986 766 3036 Nebensiitze,
789 2986 915 3025 durch
936 2988 1019 3039 Ap-

176 3045 358 3098 position
388 3045 470 3084 und
494 3043 1018 3096 Participialconstructio-

176 3113 253 3141 nen
278 3101 376 3141 sehr
403 3098 714 3152 mannigfuehen
741 3100 915 3139 Periode
945 3112 1017 3150 ge·

175 3157 325 3198 hohen.
345 3180 402 3188 -
422 3171 652 3209 carcerom,
682 3156 766 3208 vgl.
797 3169 832 3196 c.
866 3155 933 3202 58,
965 3155 1018 3205 23

178 3212 263 3255 Cic.
286 3213 411 3255 Verr.
435 3215 474 3265 5,
497 3216 564 3267 55,
599 3214 698 3254 143:
732 3225 878 3253 carcer
906 3212 974 3252 1110
994 3236 1021 3242 -

174 3273 218 3312 in
237 3272 366 3313 istius
385 3273 564 3327 irnperio
585 3269 843 3311 domicilium
872 3271 1022 3310 civium

266 3338 340 3373 Tit.
357 3338 430 3374 Liv.
453 3341 497 3375 ΙΙ.
523 3337 557 3375 3.
580 3339 673 3373 Auss.

1100 2021 1522 2072 Romanorumsuit.
1547 2042 1595 2047 —
1616 2018 1764 2073 plebis,
1797 2019 1875 2056 wie
1906 2030 1940 2056 c.

1102 2077 1170 2128 56,
1197 2078 1268 2125 13;
1293 2079 1444 2116 daraus
1468 2075 1572 2124 salgi
1600 2077 1724 2124 nicht,
1748 2077 1844 2113 dass
1868 2086 1945 2113 vor

1103 2136 1179 2174 den
1220 2133 1353 2173 zuijif
1379 2132 1526 2173 Tasci„
1566 2146 1644 2171 nur
1675 2131 1870 2182 Plebejer
1905 2131 1943 2169 in

1103 2192 1175 2230 das
1230 2190 1483 2241 Geffinguiss
1533 2189 1734 2239 gebracht
1776 2188 1944 2227 worden

1104 2249 1256 2286 w'aren.

1160 2304 1273 2343 5-6.
1332 2301 1512 2357 proinde
1563 2307 1661 2348 ete„
1712 2301 1778 2339 die
1830 2304 1949 2338 sonst

1103 2362 1230 2400 durch
1266 2359 1447 2414 proinde
1477 2358 1745 2407 eingeieitete
1778 2354 1948 2396 Austor-

1101 2419 1275 2468 derung,
1297 2430 1330 2455 s.
1354 2429 1389 2455 c.
1412 2414 1479 2466 48,
1503 2414 1538 2464 3,
1564 2416 1618 2454 ist
1641 2416 1730 2453 hier
1753 2427 1830 2452 nur
1853 2425 1947 2450 ver·

1106 2474 1263 2514 steckt:
1284 2472 1463 2528 proinde
1482 2484 1680 2526 prot-oea,
1703 2484 1784 2523 ego
1807 2473 1947 2508 tamen

1104 2538 1183 2571 etc.
1215 2553 1269 2559 —
1299 2530 1477 2570 iudicem
1500 2553 1527 2557 —
1547 2531 1595 2567 ni
1621 2535 1716 2575 etc„
1749 2540 1783 2567 s.
1816 2540 1850 2565 c.
1880 2526 1948 2574 24,

1103 2589 1149 2628 5:
1190 2589 1265 2627 der
1301 2586 1472 2626 Richter
1509 2586 1614 2624 sone
1644 2586 1709 2624 ihu
1744 2583 1948 2632 (Vergin.)

1107 2658 1183 2685 zur
1213 2644 1427 2694 Erlegung
1449 2643 1523 2682 der
1548 2642 1827 2681 Wettsunime
1851 2650 1950 2678 ver-

1107 2701 1339 2750 urtheilen,
1375 2713 1493 2739 wenn
1532 2712 1579 2738 er
1609 2699 1723 2738 nicht
1753 2697 1950 2744 beu-eise,

1107 2759 1204 2799 dass
1234 2757 1429 2798 Claudius
1459 2768 1563 2795 uSW.
1594 2777 1649 2784 -—-
1678 2768 1755 2807 pro
1792 2753 1950 2797 domn..

1106 2814 1171 2855 uls
1204 2815 1254 2854 ob
1292 2827 1339 2854 er
1375 2827 1453 2853 von
1491 2814 1580 2852 dem
1618 2811 1952 2851 Schiedsrichter

1109 2871 1364 2912 verurtheilt
1389 2870 1518 2917 wiire,
1552 2869 1618 2908 die
1643 2868 1790 2907 wette
1814 2865 1954 2905 verio-

1108 2941 1181 2969 ren
1223 2930 1352 2968 mitte.
1417 2927 1588 2977 Vergin.
1625 2925 1709 2963 will
1749 2936 1827 2962 von
1866 2924 1950 2973 Ap-

1109 2986 1200 3039 pius
1231 2985 1352 3025 keine
1388 2983 1546 3032 Biirgen
1574 2982 1824 3028 unnehmen,
1854 2979 1950 3017 dass

1110 3055 1158 3082 er
1204 3042 1292 3082 sich
1339 3053 1402 3081 am
1452 3039 1746 3087 Gerichisiage
1797 3035 1951 3075 stenen

1109 3100 1266 3138 werde.
1288 3120 1341 3127 —
1364 3109 1587 3150 quoquam,
1619 3096 1697 3133 wie
1720 3093 1788 3141 34,
1817 3092 1882 3141 35,
1907 3092 1943 3141 9,

1111 3161 1231 3196 const
1252 3155 1426 3194 braucht
1449 3153 1493 3192 L.
1517 3154 1593 3191 den
1618 3150 1709 3190 Abi.
1734 3162 1812 3187 von
1842 3147 1954 3188 ullus

1111 3211 1456 3252 substantivisch.
1477 3231 1533 3238 —
1554 3207 1663 3247 diem
1684 3204 1824 3260 prod„
1853 3217 1887 3244 ε.
1913 3203 1953 3254 2,

1111 3269 1181 3320 61,
1204 3268 1242 3309 7.

1592 3334 1617 3375 8
