2221 3537
677 249 837 309 Lieen
872 250 921 292 v.
981 249 1101 291 cm.
1123 250 1191 291 44.
1212 251 1282 292 45.

96 274 132 300 ι.
159 264 226 300 ch.
251 264 328 298 seo.
1757 252 1786 300 3
1794 252 1859 300 ⁴9

98 380 141 432 si
177 379 315 431 vobis
348 379 397 431 in
430 378 592 430 animo
628 384 702 428 est
734 378 856 429 tueri
894 376 1086 427 moenia
1125 384 1278 427 vestra
1316 393 1406 428 nec
1431 378 1526 443 pati
1554 377 1669 427 baec
1697 378 1858 427 omnia
1898 390 1919 428 7

98 450 295 502 Galliam
325 449 442 510 fieri,
467 450 620 514 prima
649 449 800 512 vigilia
825 448 980 513 capite
1007 462 1140 498 arma
1166 447 1469 512 frequentes3
1498 465 1574 497 me
1602 448 1860 513 sequimini

95 521 158 573 ad
192 521 415 579 caedem,
450 534 551 569 non
585 519 642 567 ad
679 533 907 584 pugnam.
959 517 1052 567 nisi
1078 518 1263 567 vinctos
1292 534 1469 568 somno
1500 519 1624 568 velut
1650 519 1860 583 pecudes

96 589 412 643 trucidandos
432 589 693 647 tradidere,
721 604 820 638 non
842 605 1014 638 recuso
1035 588 1238 637 eundern
1261 590 1440 637 Ardeae
1460 605 1623 638 rerum
1647 605 1861 639 mearum

97 660 296 721 exitum,
324 675 467 726 quem
491 659 673 709 Romae
700 659 895 709 babui.“
941 659 1117 723 Aequis
1144 659 1419 723 iniquisque
1447 675 1734 723 persuasum
1762 667 1863 709 erat
1897 662 1967 712 ⁴5

95 737 288 782 tantum
323 730 446 781 bello
483 730 636 780 virum
665 730 910 779 neminem
937 745 1143 793 usquam
1172 746 1224 778 ea
1252 737 1538 794 tempestate
1565 746 1687 778 esse.
1741 746 1862 779 con-

97 803 232 853 tione
258 801 460 851 dimissa
489 816 694 866 corpora
723 807 894 850 curant
920 800 1103 858 intenti,
1132 816 1275 864 quam
1300 816 1413 849 mox
1436 801 1630 863 signum
1654 801 1863 849 daretur.

98 888 196 939 quo
224 872 338 922 dato
365 871 550 937 primae
577 871 769 921 silentio
797 871 955 920 noctis
984 872 1042 920 ad
1071 879 1237 935 portas
1266 871 1464 920 Camillo
1493 878 1686 935 praesto
1715 870 1862 920 fuere.

96 943 283 1007 egressi
310 943 435 992 haud
464 942 633 1007 procul
662 943 795 999 urbe,
823 942 947 991 sicut
974 942 1272 1007 praedictum
1297 949 1411 1000 erat,
1439 948 1595 990 castra
1618 941 1863 991 Gallorum
1902 954 1926 995 2

98 1012 251 1063 intuta
286 1013 597 1077 neglectaque
633 1013 690 1062 ab
728 1014 862 1062 omni
890 1020 1025 1077 parte
1052 1013 1176 1061 nacti
1207 1028 1315 1062 cum
1345 1013 1525 1077 ingenti
1554 1012 1763 1061 clamore
1789 1013 1864 1061 in-

98 1083 293 1134 vadunt.
345 1098 584 1148 nusquam
608 1084 864 1148 proelium,
894 1083 1121 1132 omnibus
1143 1084 1262 1132 locis
1284 1084 1453 1132 caedes
1475 1091 1572 1142 est3
1602 1083 1731 1132 nuda
1753 1098 1865 1132 cor·
1903 1095 1928 1135 3

100 1169 220 1220 pora
255 1161 303 1204 et
326 1154 483 1203 soluta
513 1170 688 1203 somno
718 1154 1034 1204 trucidantur.
1087 1162 1332 1203 extremos
1361 1162 1521 1203 tamen
1551 1170 1702 1218 pavor
1729 1170 1754 1202 e
1781 1169 1865 1203 cu-

99 1225 274 1275 bilibus
301 1225 406 1274 suis
433 1226 637 1283 excitos,
665 1241 786 1289 quae
814 1231 895 1273 aut
923 1225 1049 1274 unde
1076 1225 1144 1273 vis
1172 1232 1316 1282 esset,
1343 1225 1538 1287 ignaros
1567 1225 1613 1272 in
1635 1224 1798 1287 sugam
1822 1230 1869 1273 et

101 1295 342 1360 quosdam
389 1295 438 1344 in
483 1296 674 1344 hostem
722 1296 884 1359 ipsum
931 1295 1234 1357 improvidos
1280 1294 1400 1343 tulit.
1462 1309 1634 1358 magna
1671 1310 1784 1358 pars
1821 1295 1869 1342 in

100 1380 269 1430 agrum
297 1365 536 1415 Antiatem
576 1365 716 1414 delati
754 1365 1036 1414 incursione
1071 1364 1129 1414 ab
1167 1365 1429 1430 oppidanis
1457 1365 1506 1413 in
1535 1365 1720 1429 palatos
1747 1365 1870 1414 facta

101 1435 560 1486 circumveniuntur.

246 1505 427 1555 Similis
456 1506 503 1554 in
531 1521 646 1570 agro
675 1505 856 1554 Veienti
882 1506 1159 1554 Tuscorum
1187 1506 1309 1554 facta
1337 1513 1523 1569 strages
1551 1513 1650 1565 est,
1677 1506 1757 1570 qui
1784 1522 1867 1555 ur·
1905 1515 1931 1553 4

100 1576 175 1626 bis
211 1576 304 1626 iam
340 1592 494 1642 prope
530 1577 1058 1641 quadringentesimum
1088 1591 1270 1625 annum
1299 1576 1495 1635 vicinae,
1523 1592 1786 1641 oppressae
1812 1576 1870 1626 ab

100 1648 244 1697 hoste
283 1648 549 1706 invisitat0‚
585 1648 801 1696 inaudito
838 1647 956 1696 adeo
993 1647 1111 1695 nihil
1140 1647 1340 1696 miseriti
1366 1655 1504 1704 sunt,
1544 1655 1599 1696 ut
1624 1647 1671 1696 in
1698 1664 1866 1711 agrum

100 1718 379 1768 Romanum
425 1734 481 1766 eo
527 1724 748 1781 tempore
787 1718 1090 1766 incursiones
1129 1718 1362 1773 facerent,
1404 1718 1628 1782 plenique
1664 1718 1867 1782 praedae

97 1787 241 1838 Veios
268 1788 426 1847 etiam,
448 1789 844 1852 praesidiumque
864 1795 910 1837 et
927 1804 1065 1852 spem
1087 1788 1304 1837 ultimam
1328 1789 1536 1837 Romani
1556 1789 1789 1846 nominiS‚
1819 1790 1867 1838 in

99 1859 262 1909 animo
307 1859 563 1908 habuerint
598 1874 895 1923 oppugnare.
958 1859 1174 1908 viderant
1208 1877 1292 1908 eos
1330 1860 1503 1908 milites
1539 1859 1748 1908 Romani
1784 1876 1866 1908 va·
1903 1865 1928 1904 5

100 1936 268 1995 gantes
296 1946 383 1995 per
408 1945 552 1994 agros
580 1936 627 1978 et
647 1936 965 1993 congregatos
987 1930 1178 1992 agmine
1199 1930 1425 1994 praedam
1450 1946 1563 1994 prae
1584 1947 1636 1978 se
1656 1938 1867 1994 agente-S,

100 2007 148 2050 et
180 2006 336 2050 castra
372 2000 631 2050 cernebant
667 2000 792 2049 haud
833 2001 1002 2065 procul
1033 2001 1139 2049 Veis
1167 2000 1341 2064 posita.
1394 2001 1504 2049 inde
1532 2001 1744 2064 primum
1773 2002 1866 2050 mi-
1903 2005 1929 2046 6

98 2071 276 2121 seratio
305 2071 397 2130 sui,
427 2071 601 2120 deinde
629 2071 887 2134 indignitas
916 2079 1059 2136 atque
1085 2088 1141 2120 ex
1169 2087 1221 2120 ea
1243 2072 1311 2120 ira
1332 2072 1524 2120 animos
1548 2071 1693 2136 cepit:
1723 2073 1867 2121 Etru-

99 2223 175 2261 ger
202 2210 312 2259 sein,
344 2212 401 2251 ist
427 2224 480 2251 zu
510 2212 735 2262 ergiinzen.
765 2234 821 2240 —
845 2210 939 2251 Gal·
1087 2212 1127 2251 4.
1166 2211 1422 2262 Tuscorum,
1453 2213 1517 2252 die
1548 2212 1710 2252 Gallier
1740 2212 1867 2252 haben

97 2267 214 2315 liam,
238 2268 320 2318 vgl.
346 2267 413 2318 23,
437 2269 476 2317 5,
504 2268 569 2306 13:
594 2268 760 2308 ltaliam
785 2266 937 2308 Numi-
1029 2267 1104 2307 auf
1128 2268 1256 2307 ibrem
1287 2270 1458 2308 raschen
1484 2268 1598 2316 Zuge
1631 2269 1697 2308 die
1728 2266 1872 2308 fernen·

98 2323 253 2365 darum
271 2327 364 2379 pau·
382 2327 642 2378 provinciam
666 2339 771 2364 esse.
797 2348 850 2353 —
873 2338 939 2364 me
1031 2325 1247 2374 liegenden
1269 2325 1416 2364 Stiidte
1434 2327 1513 2365 wie
1531 2324 1743 2377 Tarquinii
1762 2338 1801 2364 u.
1820 2338 1871 2376 ει,

99 2380 416 2432 vorangestellt,
440 2381 537 2420 weil
553 2382 628 2420 der
646 2381 841 2421 Gedanke
861 2381 936 2420 ist:

98 2437 178 2477 ieb
207 2437 293 2477 will
322 2438 423 2476 euch
446 2450 498 2476 zu
519 2461 547 2466 —
566 2436 730 2488 subren,
754 2438 940 2485 weniger

99 2493 279 2546 passend
309 2493 421 2533 wiire
445 2494 544 2533 nach
567 2494 642 2533 der
664 2493 818 2534 Veron.
843 2493 940 2533 uus.

86 2549 427 2602 frequentesque
454 2563 521 2590 me
547 2564 581 2590 s.
613 2573 666 2580 -
687 2553 871 2600 vinctos,
902 2551 940 2602 9,

102 2603 177 2655 30,
215 2605 260 2644 9:
297 2607 338 2645 in
397 2605 564 2646 lau-stra
599 2620 748 2647 somno
778 2610 939 2647 vinctos

97 2662 325 2713 coniciunt,
385 2674 446 2701 ac.
468 2662 573 2701 Ann.
604 2662 635 2714 1,
657 2663 724 2703 65.

157 2710 245 2759 45.
289 2717 411 2757 1-3.
457 2720 618 2770 Aequis
654 2721 731 2770 in„
770 2719 936 2760 Freund

99 2774 181 2814 und
207 2773 352 2816 Feind:
375 2774 571 2826 22,·26,5,
590 2775 675 2826 vgl.
693 2774 733 2822 2,
748 2774 865 2824 327.
883 2798 940 2805 —

98 2843 224 2884 quam
244 2844 368 2880 mox,
391 2830 437 2879 3,
460 2831 525 2882 37,
549 2832 588 2870 5.
611 2854 665 2861 —-
688 2833 841 2884 prima,
865 2833 938 2872 das

99 2887 174 2927 mit
194 2887 284 2927 dem
308 2887 500 2927 Aubruch
523 2888 597 2926 der
616 2887 748 2927 Naclit
769 2889 939 2929 eintrat.

99 2966 155 2972 -
184 2942 325 2984 soluta
353 2958 412 2995 s.,
445 2944 523 2983 wie
554 2945 637 2983 Cic.
672 2944 762 2983 Div.
798 2944 840 2994 1,
869 2945 937 2996 56,

105 2999 204 3040 128:
251 3014 372 3040 mens
412 3000 550 3041 soluta
590 3014 738 3040 somno
780 3003 938 3051 cernit3

100 3055 230 3107 Ver-g.
260 3057 365 3097 Aen.
397 3057 444 3106 9,
475 3056 576 3095 236:
614 3057 763 3097 Rutuli
789 3070 938 3097 somno

98 3113 276 3165 vinoque
301 3113 444 3154 soluti.
475 3136 529 3142 —
559 3117 598 3152 et
630 3113 835 3164 quosdam
864 3114 940 3153 be-

101 3169 212 3209 ziebt
247 3169 334 3210 sich
364 3168 439 3209 auf
462 3171 581 3209 einen
613 3170 731 3209 'rheil
764 3172 840 3209 der
866 3171 940 3211 mit

98 3227 318 3266 eoetremos
339 3226 652 3277 bezeichnetem
672 3240 704 3266 s.
722 3228 789 3276 30,
807 3227 846 3277 5,
870 3227 939 3267 10:

98 3283 379 3323 semisomnos
399 3306 427 3312 -
447 3283 584 3323 multi.

1031 2382 1096 2420 die
1129 2382 1220 2420 hier
1248 2384 1429 2431 gemeint
1460 2395 1511 2421 zu
1541 2382 1630 2421 sein
1657 2382 1868 2431 scheinen,

1031 2439 1270 2488 verseliont,
1295 2439 1374 2477 und
1397 2439 1487 2477 sind
1510 2439 1610 2477 nach
1638 2437 1683 2478 L.
1705 2439 1808 2477 auch
1831 2438 1870 2477 in

1032 2495 1108 2533 der
1144 2493 1260 2534 Niihe
1296 2508 1375 2534 von
1407 2494 1508 2535 nom
1546 2495 1658 2534 nicht
1693 2493 1769 2533 aus
1797 2496 1870 2534 das

1032 2552 1173 2590 rechte
1185 2549 1410 2591 Tiberul'er
1425 2551 1681 2602 gelmmmen.
1694 2573 1748 2580 —
1764 2551 1870 2591 adeo

1030 2608 1141 2658 m'h.,
1170 2621 1204 2648 s.
1228 2606 1265 2655 3,
1291 2607 1330 2655 2,
1353 2607 1392 2646 6.
1416 2630 1470 2637 —
1492 2609 1717 2648 habuerint
1739 2608 1870 2646 neben

1017 2665 1238 2717 facerent,
1262 2677 1294 2703 s.
1319 2664 1393 2715 24,
1423 2665 1498 2713 40,
1526 2664 1595 2705 12:
1627 2668 1723 2705 ut-
1744 2677 1871 2704 cona-

1031 2724 1152 2761 retur
1171 2744 1198 2749 -
1218 2723 1488 2775 perfugerit:
1521 2720 1640 2761 Caes.
1674 2721 1710 2767 7,
1739 2721 1799 2767 17,
1825 2719 1871 2768 3;

1031 2777 1148 2817 Suet.
1174 2776 1291 2817 Caes.
1316 2777 1369 2816 39
1393 2792 1430 2817 u.
1453 2791 1504 2821 a..
1525 2791 1574 2816 an
1598 2791 1636 2816 u.
1661 2777 1720 2816 St.
1745 2777 1873 2815 findet

1025 2834 1176 2885 jedoch
1207 2835 1283 2873 der
1314 2833 1585 2874 Unterschied
1617 2839 1741 2881 statt,
1773 2833 1871 2873 dass

1029 2893 1070 2930 in
1099 2893 1240 2930 animo
1271 2891 1363 2930 hab.
1398 2904 1491 2944 opp.
1525 2888 1607 2928 fast
1636 2889 1769 2939 gleieh
1794 2889 1870 2929 ist:

1031 2949 1326 3001 oppugnaturi
1367 2948 1556 2998 suerint.
1608 2968 1663 2975 —
1701 2958 1870 3000 praesr-

1030 3003 1239 3055 dt'umque‚
1264 3003 1345 3052 vgl.
1369 3016 1402 3041 c.
1428 3003 1495 3052 38,
1519 3004 1558 3042 9.

1089 3060 1198 3098 5-7.
1241 3062 1445 3110 rag-antes
1477 3059 1555 3098 und
1583 3062 1870 3111 congregatos

1030 3116 1185 3166 (dieses
1204 3116 1438 3154 entweder:
1457 3115 1728 3165 undAndere,
1747 3116 1870 3156 oder:

1030 3173 1111 3211 und
1130 3174 1254 3212 «launi
1272 3172 1362 3210 sind
1377 3171 1659 3222 Bestimmung
1676 3185 1725 3211 zu
1737 3185 1871 3225 agen·

1032 3232 1115 3267 tes:
1149 3228 1226 3266 wie
1251 3229 1311 3267 sie
1334 3234 1550 3268 zerstreut
1572 3252 1599 3257 —
1621 3229 1805 3277 trieben,
1834 3229 1870 3279 1,

1031 3284 1099 3334 21,
1128 3285 1160 3323 1.
1180 3306 1235 3312 -
1260 3284 1493 3336 inde'gm'tas
1516 3284 1761 3326 bezeichnet
1785 3285 1869 3325 bis-
