<?xml version="1.0" encoding="UTF-8"?>
<!DOCTYPE html PUBLIC "-//W3C//DTD XHTML 1.0 Transitional//EN"
    "http://www.w3.org/TR/xhtml1/DTD/xhtml1-transitional.dtd">
<html xmlns="http://www.w3.org/1999/xhtml" xml:lang="en" lang="en">
 <head>
  <title>
</title>
<meta http-equiv="Content-Type" content="text/html;charset=utf-8" />
  <meta name='ocr-system' content='tesseract 3.04.00' />
  <meta name='ocr-capabilities' content='ocr_page ocr_carea ocr_par ocr_line ocrx_word'/>
</head>
<body>
  <div class='ocr_page' id='page_1' title='image "./aburbeconditali01livy/aburbeconditali01livy_0227.png"; bbox 0 0 2221 3537; ppageno 0'>
   <div class='ocr_carea' id='block_1_1' title="bbox 59 56 206 98">
    <p class='ocr_par' dir='ltr' id='par_1_1' title="bbox 59 56 206 98">
     <span class='ocr_line' id='line_1_1' title="bbox 135 56 206 74; baseline 0 -4"><span class='ocrx_word' id='word_1_1' title='bbox 135 59 152 70; x_wconf 82' lang='grc'><strong>,“</strong></span> <span class='ocrx_word' id='word_1_2' title='bbox 173 56 206 74; x_wconf 45' lang='grc' dir='ltr'><strong>,ν</strong></span> 
     </span>
     <span class='ocr_line' id='line_1_2' title="bbox 59 90 63 98; baseline 0 0"><span class='ocrx_word' id='word_1_3' title='bbox 59 90 63 98; x_wconf 88' lang='grc'><em>.</em></span> 
     </span>
    </p>
   </div>
   <div class='ocr_carea' id='block_1_2' title="bbox 15 147 419 184">
    <p class='ocr_par' dir='ltr' id='par_1_2' title="bbox 15 147 419 184">
     <span class='ocr_line' id='line_1_3' title="bbox 15 147 419 184; baseline -0.005 -1"><span class='ocrx_word' id='word_1_4' title='bbox 15 159 18 162; x_wconf 73' lang='grc'><strong><em>’</em></strong></span> <span class='ocrx_word' id='word_1_5' title='bbox 46 155 49 157; x_wconf 87' lang='grc'><strong>’</strong></span> <span class='ocrx_word' id='word_1_6' title='bbox 84 158 118 184; x_wconf 67' lang='grc' dir='ltr'><strong>ι.</strong></span> <span class='ocrx_word' id='word_1_7' title='bbox 142 147 207 183; x_wconf 78' lang='lat' dir='ltr'><strong>Oh.</strong></span> <span class='ocrx_word' id='word_1_8' title='bbox 230 149 419 182; x_wconf 72' lang='lat'><strong>584-310.</strong></span> 
     </span>
    </p>
   </div>
   <div class='ocr_carea' id='block_1_3' title="bbox 735 132 1213 176">
    <p class='ocr_par' dir='ltr' id='par_1_3' title="bbox 735 132 1213 176">
     <span class='ocr_line' id='line_1_4' title="bbox 735 132 1213 176; baseline 0.002 -1"><span class='ocrx_word' id='word_1_9' title='bbox 735 133 894 175; x_wconf 77' lang='lat' dir='ltr'>LIBER</span> <span class='ocrx_word' id='word_1_10' title='bbox 916 132 944 175; x_wconf 87' lang='lat'><strong>1.</strong></span> <span class='ocrx_word' id='word_1_11' title='bbox 1006 134 1121 175; x_wconf 74' lang='lat' dir='ltr'>CAP.</span> <span class='ocrx_word' id='word_1_12' title='bbox 1146 136 1213 176; x_wconf 71' lang='lat'><strong>54.</strong></span> 
     </span>
    </p>
   </div>
   <div class='ocr_carea' id='block_1_4' title="bbox 1762 138 1854 187">
    <p class='ocr_par' dir='ltr' id='par_1_4' title="bbox 1762 138 1854 187">
     <span class='ocr_line' id='line_1_5' title="bbox 1762 138 1854 187; baseline 0.011 -1"><span class='ocrx_word' id='word_1_13' title='bbox 1762 138 1854 187; x_wconf 74' lang='lat'><strong>201</strong></span> 
     </span>
    </p>
   </div>
   <div class='ocr_carea' id='block_1_5' title="bbox 79 261 1959 1318">
    <p class='ocr_par' dir='ltr' id='par_1_5' title="bbox 79 261 1959 1318">
     <span class='ocr_line' id='line_1_6' title="bbox 87 261 1865 325; baseline -0.002 -11"><span class='ocrx_word' id='word_1_14' title='bbox 87 263 208 314; x_wconf 90' lang='lat' dir='ltr'><strong>nihil</strong></span> <span class='ocrx_word' id='word_1_15' title='bbox 234 271 565 321; x_wconf 81' lang='lat' dir='ltr'><strong>morarentur,</strong></span> <span class='ocrx_word' id='word_1_16' title='bbox 594 262 816 311; x_wconf 81' lang='lat' dir='ltr'><strong>infensus</strong></span> <span class='ocrx_word' id='word_1_17' title='bbox 844 261 912 310; x_wconf 87' lang='lat' dir='ltr'><strong>ira</strong></span> <span class='ocrx_word' id='word_1_18' title='bbox 944 277 1090 325; x_wconf 87' lang='lat' dir='ltr'><strong>porro</strong></span> <span class='ocrx_word' id='word_1_19' title='bbox 1112 262 1225 310; x_wconf 80' lang='lat' dir='ltr'><strong>inde</strong></span> <span class='ocrx_word' id='word_1_20' title='bbox 1248 263 1471 312; x_wconf 82' lang='lat' dir='ltr'><strong>abiturus</strong></span> <span class='ocrx_word' id='word_1_21' title='bbox 1495 265 1756 319; x_wconf 68' lang='lat' dir='ltr'><strong>videretur,</strong></span> <span class='ocrx_word' id='word_1_22' title='bbox 1780 266 1865 314; x_wconf 66' lang='lat' dir='ltr'><strong>bo·-</strong></span> 
     </span>
     <span class='ocr_line' id='line_1_7' title="bbox 85 332 1864 400; baseline -0.001 -15"><span class='ocrx_word' id='word_1_23' title='bbox 85 335 235 400; x_wconf 83' lang='lat' dir='ltr'><strong>nigne</strong></span> <span class='ocrx_word' id='word_1_24' title='bbox 257 335 317 384; x_wconf 86' lang='lat' dir='ltr'><strong>ab</strong></span> <span class='ocrx_word' id='word_1_25' title='bbox 338 333 538 384; x_wconf 86' lang='lat' dir='ltr'><strong>Gabinis</strong></span> <span class='ocrx_word' id='word_1_26' title='bbox 559 332 815 397; x_wconf 68' lang='lat' dir='ltr'><strong>excipitur.</strong></span> <span class='ocrx_word' id='word_1_27' title='bbox 847 339 1010 380; x_wconf 73' lang='lat' dir='ltr'><strong>velant</strong></span> <span class='ocrx_word' id='word_1_28' title='bbox 1040 332 1221 385; x_wconf 85' lang='lat' dir='ltr'><strong>mirari,</strong></span> <span class='ocrx_word' id='word_1_29' title='bbox 1245 333 1301 387; x_wconf 85' lang='lat' dir='ltr'><strong>si,</strong></span> <span class='ocrx_word' id='word_1_30' title='bbox 1324 334 1476 396; x_wconf 78' lang='lat' dir='ltr'><strong>qualis</strong></span> <span class='ocrx_word' id='word_1_31' title='bbox 1500 335 1547 382; x_wconf 87' lang='lat' dir='ltr'><strong>in</strong></span> <span class='ocrx_word' id='word_1_32' title='bbox 1571 337 1714 389; x_wconf 69' lang='lat' dir='ltr'><strong>vives,</strong></span> <span class='ocrx_word' id='word_1_33' title='bbox 1743 352 1864 399; x_wconf 87' lang='lat' dir='ltr'><strong>qua-</strong></span> 
     </span>
     <span class='ocr_line' id='line_1_8' title="bbox 85 401 1948 470; baseline -0.001 -15"><span class='ocrx_word' id='word_1_34' title='bbox 85 405 145 456; x_wconf 86' lang='lat' dir='ltr'><strong>lis</strong></span> <span class='ocrx_word' id='word_1_35' title='bbox 172 406 223 455; x_wconf 90' lang='lat' dir='ltr'><strong>in</strong></span> <span class='ocrx_word' id='word_1_36' title='bbox 250 405 423 462; x_wconf 87' lang='lat' dir='ltr'><strong>socios,</strong></span> <span class='ocrx_word' id='word_1_37' title='bbox 464 403 572 453; x_wconf 85' lang='lat' dir='ltr'><strong>talis</strong></span> <span class='ocrx_word' id='word_1_38' title='bbox 600 403 658 452; x_wconf 79' lang='lat' dir='ltr'><strong>ad</strong></span> <span class='ocrx_word' id='word_1_39' title='bbox 691 403 920 451; x_wconf 85' lang='lat' dir='ltr'><strong>ultimum</strong></span> <span class='ocrx_word' id='word_1_40' title='bbox 950 401 998 450; x_wconf 87' lang='lat' dir='ltr'><strong>in</strong></span> <span class='ocrx_word' id='word_1_41' title='bbox 1028 402 1205 451; x_wconf 83' lang='lat' dir='ltr'><strong>liberos</strong></span> <span class='ocrx_word' id='word_1_42' title='bbox 1234 413 1390 460; x_wconf 55' lang='lat' dir='ltr'><strong>essen</strong></span> <span class='ocrx_word' id='word_1_43' title='bbox 1433 405 1478 451; x_wconf 88' lang='lat' dir='ltr'><strong>in</strong></span> <span class='ocrx_word' id='word_1_44' title='bbox 1508 422 1559 452; x_wconf 78' lang='lat' dir='ltr'><strong>se</strong></span> <span class='ocrx_word' id='word_1_45' title='bbox 1588 406 1748 468; x_wconf 76' lang='lat' dir='ltr'><strong>ipsum</strong></span> <span class='ocrx_word' id='word_1_46' title='bbox 1777 423 1864 470; x_wconf 83' lang='lat' dir='ltr'><strong>po·</strong></span> <span class='ocrx_word' id='word_1_47' title='bbox 1904 408 1948 447; x_wconf 87' lang='lat' dir='ltr'><strong>ll</strong></span> 
     </span>
     <span class='ocr_line' id='line_1_9' title="bbox 84 472 1868 535; baseline 0 -10"><span class='ocrx_word' id='word_1_48' title='bbox 84 483 273 527; x_wconf 81' lang='lat' dir='ltr'><strong>stremo</strong></span> <span class='ocrx_word' id='word_1_49' title='bbox 295 474 617 530; x_wconf 82' lang='lat' dir='ltr'><strong>saeviturum,</strong></span> <span class='ocrx_word' id='word_1_50' title='bbox 641 473 678 521; x_wconf 89' lang='lat' dir='ltr'><strong>si</strong></span> <span class='ocrx_word' id='word_1_51' title='bbox 702 474 793 522; x_wconf 85' lang='lat' dir='ltr'><strong>alia</strong></span> <span class='ocrx_word' id='word_1_52' title='bbox 816 472 994 521; x_wconf 79' lang='lat' dir='ltr'><strong>desint.</strong></span> <span class='ocrx_word' id='word_1_53' title='bbox 1017 473 1237 521; x_wconf 84' lang='lat' dir='ltr'><strong>sibivero</strong></span> <span class='ocrx_word' id='word_1_54' title='bbox 1261 482 1451 535; x_wconf 76' lang='lat' dir='ltr'><strong>gratum</strong></span> <span class='ocrx_word' id='word_1_55' title='bbox 1472 475 1734 523; x_wconf 71' lang='lat' dir='ltr'><strong>adventum</strong></span> <span class='ocrx_word' id='word_1_56' title='bbox 1759 478 1868 525; x_wconf 76' lang='lat' dir='ltr'><strong>eius</strong></span> 
     </span>
     <span class='ocr_line' id='line_1_10' title="bbox 86 543 1867 610; baseline -0.001 -13"><span class='ocrx_word' id='word_1_57' title='bbox 86 562 212 605; x_wconf 85' lang='lat' dir='ltr'><strong>esse,</strong></span> <span class='ocrx_word' id='word_1_58' title='bbox 232 546 560 610; x_wconf 82' lang='lat' dir='ltr'><strong>futurumque</strong></span> <span class='ocrx_word' id='word_1_59' title='bbox 581 544 782 593; x_wconf 81' lang='lat' dir='ltr'><strong>credere</strong></span> <span class='ocrx_word' id='word_1_60' title='bbox 801 543 956 602; x_wconf 80' lang='lat' dir='ltr'><strong>brevi,</strong></span> <span class='ocrx_word' id='word_1_61' title='bbox 981 552 1035 592; x_wconf 88' lang='lat' dir='ltr'><strong>ut</strong></span> <span class='ocrx_word' id='word_1_62' title='bbox 1067 544 1146 592; x_wconf 79' lang='lat' dir='ltr'><strong>illo</strong></span> <span class='ocrx_word' id='word_1_63' title='bbox 1168 544 1431 592; x_wconf 75' lang='lat' dir='ltr'><strong>adiuvant«-</strong></span> <span class='ocrx_word' id='word_1_64' title='bbox 1451 561 1474 591; x_wconf 81' lang='lat' dir='ltr'><strong>a</strong></span> <span class='ocrx_word' id='word_1_65' title='bbox 1499 546 1652 607; x_wconf 75' lang='lat' dir='ltr'><strong>portis</strong></span> <span class='ocrx_word' id='word_1_66' title='bbox 1669 547 1867 595; x_wconf 61' lang='lat' dir='ltr'><strong>Gabinis</strong></span> 
     </span>
     <span class='ocr_line' id='line_1_11' title="bbox 83 615 1959 678; baseline -0.002 -11"><span class='ocrx_word' id='word_1_67' title='bbox 83 617 174 667; x_wconf 88' lang='lat' dir='ltr'><strong>sub</strong></span> <span class='ocrx_word' id='word_1_68' title='bbox 202 617 422 666; x_wconf 80' lang='lat' dir='ltr'><strong>Romana</strong></span> <span class='ocrx_word' id='word_1_69' title='bbox 446 616 640 665; x_wconf 85' lang='lat' dir='ltr'><strong>moenia</strong></span> <span class='ocrx_word' id='word_1_70' title='bbox 669 615 848 663; x_wconf 80' lang='lat' dir='ltr'><strong>bellum</strong></span> <span class='ocrx_word' id='word_1_71' title='bbox 874 617 1213 663; x_wconf 75' lang='lat' dir='ltr'><strong>transferatur.</strong></span> <span class='ocrx_word' id='word_1_72' title='bbox 1246 615 1362 663; x_wconf 81' lang='lat' dir='ltr'><strong>lude</strong></span> <span class='ocrx_word' id='word_1_73' title='bbox 1384 616 1432 663; x_wconf 89' lang='lat' dir='ltr'><strong>in</strong></span> <span class='ocrx_word' id='word_1_74' title='bbox 1457 616 1654 662; x_wconf 77' lang='lat' dir='ltr'><strong>consilia</strong></span> <span class='ocrx_word' id='word_1_75' title='bbox 1680 617 1867 678; x_wconf 68' lang='lat' dir='ltr'><strong>public-a</strong></span> <span class='ocrx_word' id='word_1_76' title='bbox 1898 615 1959 659; x_wconf 75' lang='grc'><strong>5-1</strong></span> 
     </span>
     <span class='ocr_line' id='line_1_12' title="bbox 83 685 1868 737; baseline -0.001 0"><span class='ocrx_word' id='word_1_77' title='bbox 83 687 319 737; x_wconf 86' lang='lat' dir='ltr'><strong>adhiberi.</strong></span> <span class='ocrx_word' id='word_1_78' title='bbox 368 687 451 736; x_wconf 91' lang='lat' dir='ltr'><strong>ubi</strong></span> <span class='ocrx_word' id='word_1_79' title='bbox 490 703 600 736; x_wconf 93' lang='lat' dir='ltr'><strong>cum</strong></span> <span class='ocrx_word' id='word_1_80' title='bbox 632 686 690 734; x_wconf 84' lang='lat' dir='ltr'><strong>de</strong></span> <span class='ocrx_word' id='word_1_81' title='bbox 719 686 824 734; x_wconf 83' lang='lat' dir='ltr'><strong>aliis</strong></span> <span class='ocrx_word' id='word_1_82' title='bbox 853 685 1004 734; x_wconf 80' lang='lat' dir='ltr'><strong>rebus</strong></span> <span class='ocrx_word' id='word_1_83' title='bbox 1033 685 1281 733; x_wconf 73' lang='lat' dir='ltr'><strong>adsentire</strong></span> <span class='ocrx_word' id='word_1_84' title='bbox 1309 703 1361 732; x_wconf 84' lang='lat' dir='ltr'><strong>se</strong></span> <span class='ocrx_word' id='word_1_85' title='bbox 1389 686 1636 733; x_wconf 73' lang='lat' dir='ltr'><strong>veteribus</strong></span> <span class='ocrx_word' id='word_1_86' title='bbox 1666 687 1868 735; x_wconf 58' lang='lat' dir='ltr'><strong>(iz-binis</strong></span> 
     </span>
     <span class='ocr_line' id='line_1_13' title="bbox 81 756 1871 823; baseline -0.002 -15"><span class='ocrx_word' id='word_1_87' title='bbox 81 759 291 815; x_wconf 83' lang='lat' dir='ltr'><strong>(liceret,</strong></span> <span class='ocrx_word' id='word_1_88' title='bbox 319 757 499 823; x_wconf 88' lang='lat' dir='ltr'><strong>quibus</strong></span> <span class='ocrx_word' id='word_1_89' title='bbox 528 774 612 806; x_wconf 86' lang='lat' dir='ltr'><strong>eae</strong></span> <span class='ocrx_word' id='word_1_90' title='bbox 641 759 861 806; x_wconf 74' lang='lat' dir='ltr'><strong>notiores</strong></span> <span class='ocrx_word' id='word_1_91' title='bbox 889 765 1081 814; x_wconf 76' lang='lat' dir='ltr'><strong>essent,</strong></span> <span class='ocrx_word' id='word_1_92' title='bbox 1119 757 1221 820; x_wconf 79' lang='lat' dir='ltr'><strong>ipse</strong></span> <span class='ocrx_word' id='word_1_93' title='bbox 1250 757 1518 805; x_wconf 73' lang='lat' dir='ltr'><strong>identidem</strong></span> <span class='ocrx_word' id='word_1_94' title='bbox 1562 756 1670 804; x_wconf 79' lang='lat' dir='ltr'><strong>belli</strong></span> <span class='ocrx_word' id='word_1_95' title='bbox 1701 766 1871 805; x_wconf 74' lang='lat' dir='ltr'><strong>auc-tor</strong></span> 
     </span>
     <span class='ocr_line' id='line_1_14' title="bbox 82 828 1872 893; baseline -0.003 -13"><span class='ocrx_word' id='word_1_96' title='bbox 82 846 189 880; x_wconf 90' lang='lat' dir='ltr'><strong>esse</strong></span> <span class='ocrx_word' id='word_1_97' title='bbox 211 837 260 880; x_wconf 82' lang='lat' dir='ltr'><strong>et</strong></span> <span class='ocrx_word' id='word_1_98' title='bbox 285 830 335 878; x_wconf 90' lang='lat' dir='ltr'><strong>in</strong></span> <span class='ocrx_word' id='word_1_99' title='bbox 356 846 413 878; x_wconf 92' lang='lat' dir='ltr'><strong>eo</strong></span> <span class='ocrx_word' id='word_1_100' title='bbox 441 829 530 878; x_wconf 83' lang='lat' dir='ltr'><strong>sibi</strong></span> <span class='ocrx_word' id='word_1_101' title='bbox 554 830 867 893; x_wconf 77' lang='lat' dir='ltr'><strong>praecipuam</strong></span> <span class='ocrx_word' id='word_1_102' title='bbox 893 828 1207 892; x_wconf 77' lang='lat' dir='ltr'><strong>prudentiam</strong></span> <span class='ocrx_word' id='word_1_103' title='bbox 1233 829 1512 881; x_wconf 78' lang='lat' dir='ltr'><strong>adsumere,</strong></span> <span class='ocrx_word' id='word_1_104' title='bbox 1533 828 1660 891; x_wconf 78' lang='lat' dir='ltr'><strong>quod</strong></span> <span class='ocrx_word' id='word_1_105' title='bbox 1686 828 1872 875; x_wconf 81' lang='lat' dir='ltr'><strong>utrius-</strong></span> 
     </span>
     <span class='ocr_line' id='line_1_15' title="bbox 81 899 1871 966; baseline -0.003 -17"><span class='ocrx_word' id='word_1_106' title='bbox 81 917 177 966; x_wconf 91' lang='lat' dir='ltr'><strong>que</strong></span> <span class='ocrx_word' id='word_1_107' title='bbox 197 901 365 966; x_wconf 90' lang='lat' dir='ltr'><strong>populi</strong></span> <span class='ocrx_word' id='word_1_108' title='bbox 389 900 514 950; x_wconf 79' lang='lat' dir='ltr'><strong>vires</strong></span> <span class='ocrx_word' id='word_1_109' title='bbox 537 908 706 949; x_wconf 79' lang='lat' dir='ltr'><strong>nosset</strong></span> <span class='ocrx_word' id='word_1_110' title='bbox 732 901 977 962; x_wconf 73' lang='lat' dir='ltr'><strong>sciretque</strong></span> <span class='ocrx_word' id='word_1_111' title='bbox 1004 900 1208 947; x_wconf 78' lang='lat' dir='ltr'><strong>invisam</strong></span> <span class='ocrx_word' id='word_1_112' title='bbox 1234 901 1455 962; x_wconf 72' lang='lat' dir='ltr'><strong>profecto</strong></span> <span class='ocrx_word' id='word_1_113' title='bbox 1478 899 1758 962; x_wconf 81' lang='lat' dir='ltr'><strong>superbiam</strong></span> <span class='ocrx_word' id='word_1_114' title='bbox 1789 915 1871 946; x_wconf 69' lang='lat' dir='ltr'><strong>rc·-</strong></span> 
     </span>
     <span class='ocr_line' id='line_1_16' title="bbox 80 970 1929 1036; baseline -0.004 -15"><span class='ocrx_word' id='word_1_115' title='bbox 80 972 209 1036; x_wconf 83' lang='lat' dir='ltr'><strong>giam</strong></span> <span class='ocrx_word' id='word_1_116' title='bbox 237 972 423 1021; x_wconf 78' lang='lat' dir='ltr'><strong>civibus</strong></span> <span class='ocrx_word' id='word_1_117' title='bbox 452 988 584 1027; x_wconf 73' lang='lat' dir='ltr'><strong>esse,</strong></span> <span class='ocrx_word' id='word_1_118' title='bbox 615 987 762 1036; x_wconf 87' lang='lat' dir='ltr'><strong>quam</strong></span> <span class='ocrx_word' id='word_1_119' title='bbox 804 972 934 1019; x_wconf 75' lang='lat' dir='ltr'><strong>serr«-</strong></span> <span class='ocrx_word' id='word_1_120' title='bbox 964 987 1024 1020; x_wconf 89' lang='lat' dir='ltr'><strong>ne</strong></span> <span class='ocrx_word' id='word_1_121' title='bbox 1056 970 1193 1019; x_wconf 79' lang='lat' dir='ltr'><strong>liberi</strong></span> <span class='ocrx_word' id='word_1_122' title='bbox 1222 971 1421 1033; x_wconf 76' lang='lat' dir='ltr'><strong>quidem</strong></span> <span class='ocrx_word' id='word_1_123' title='bbox 1454 970 1745 1034; x_wconf 75' lang='lat' dir='ltr'><strong>potuissent.</strong></span> <span class='ocrx_word' id='word_1_124' title='bbox 1805 970 1868 1018; x_wconf 83' lang='lat' dir='ltr'><strong>ita</strong></span> <span class='ocrx_word' id='word_1_125' title='bbox 1907 974 1929 1013; x_wconf 89' lang='lat'>2</span> 
     </span>
     <span class='ocr_line' id='line_1_17' title="bbox 79 1040 1869 1106; baseline -0.002 -14"><span class='ocrx_word' id='word_1_126' title='bbox 79 1058 193 1092; x_wconf 91' lang='lat' dir='ltr'><strong>cum</strong></span> <span class='ocrx_word' id='word_1_127' title='bbox 222 1043 406 1092; x_wconf 86' lang='lat' dir='ltr'><strong>sensim</strong></span> <span class='ocrx_word' id='word_1_128' title='bbox 435 1043 492 1091; x_wconf 77' lang='lat' dir='ltr'><strong>ad</strong></span> <span class='ocrx_word' id='word_1_129' title='bbox 523 1043 860 1092; x_wconf 75' lang='lat' dir='ltr'><strong>rebellandum</strong></span> <span class='ocrx_word' id='word_1_130' title='bbox 892 1043 1133 1106; x_wconf 73' lang='lat' dir='ltr'><strong>primores</strong></span> <span class='ocrx_word' id='word_1_131' title='bbox 1163 1042 1465 1089; x_wconf 67' lang='lat' dir='ltr'><strong>Gabinorum</strong></span> <span class='ocrx_word' id='word_1_132' title='bbox 1496 1041 1735 1095; x_wconf 68' lang='lat' dir='ltr'><strong>invitaret,</strong></span> <span class='ocrx_word' id='word_1_133' title='bbox 1764 1040 1869 1104; x_wconf 84' lang='lat' dir='ltr'><strong>ipse</strong></span> 
     </span>
     <span class='ocr_line' id='line_1_18' title="bbox 79 1112 1867 1180; baseline -0.002 -17"><span class='ocrx_word' id='word_1_134' title='bbox 79 1130 193 1164; x_wconf 90' lang='lat' dir='ltr'><strong>cum</strong></span> <span class='ocrx_word' id='word_1_135' title='bbox 233 1114 615 1180; x_wconf 78' lang='lat' dir='ltr'><strong>promptissimis</strong></span> <span class='ocrx_word' id='word_1_136' title='bbox 645 1115 877 1162; x_wconf 83' lang='lat' dir='ltr'><strong>iuvenum</strong></span> <span class='ocrx_word' id='word_1_137' title='bbox 922 1114 1210 1177; x_wconf 73' lang='lat' dir='ltr'><strong>praedatum</strong></span> <span class='ocrx_word' id='word_1_138' title='bbox 1250 1122 1397 1176; x_wconf 79' lang='lat' dir='ltr'><strong>atque</strong></span> <span class='ocrx_word' id='word_1_139' title='bbox 1439 1113 1487 1160; x_wconf 89' lang='lat' dir='ltr'><strong>in</strong></span> <span class='ocrx_word' id='word_1_140' title='bbox 1526 1112 1867 1175; x_wconf 77' lang='lat' dir='ltr'><strong>expeditiones</strong></span> 
     </span>
     <span class='ocr_line' id='line_1_19' title="bbox 79 1183 1870 1248; baseline -0.003 -14"><span class='ocrx_word' id='word_1_141' title='bbox 79 1184 188 1245; x_wconf 90' lang='lat' dir='ltr'><strong>iret,</strong></span> <span class='ocrx_word' id='word_1_142' title='bbox 219 1193 267 1235; x_wconf 83' lang='lat' dir='ltr'><strong>et</strong></span> <span class='ocrx_word' id='word_1_143' title='bbox 294 1185 434 1234; x_wconf 83' lang='lat' dir='ltr'><strong>dictis</strong></span> <span class='ocrx_word' id='word_1_144' title='bbox 456 1185 694 1248; x_wconf 84' lang='lat' dir='ltr'><strong>factisque</strong></span> <span class='ocrx_word' id='word_1_145' title='bbox 723 1185 955 1232; x_wconf 83' lang='lat' dir='ltr'><strong>omnihus</strong></span> <span class='ocrx_word' id='word_1_146' title='bbox 977 1185 1034 1232; x_wconf 76' lang='lat' dir='ltr'><strong>ad</strong></span> <span class='ocrx_word' id='word_1_147' title='bbox 1065 1185 1332 1232; x_wconf 69' lang='lat' dir='ltr'><strong>saliendum</strong></span> <span class='ocrx_word' id='word_1_148' title='bbox 1362 1183 1614 1232; x_wconf 75' lang='lat' dir='ltr'><strong>instructis</strong></span> <span class='ocrx_word' id='word_1_149' title='bbox 1639 1198 1759 1231; x_wconf 77' lang='lat' dir='ltr'><strong>vana</strong></span> <span class='ocrx_word' id='word_1_150' title='bbox 1787 1200 1870 1230; x_wconf 79' lang='lat' dir='ltr'><strong>ac-</strong></span> 
     </span>
     <span class='ocr_line' id='line_1_20' title="bbox 79 1254 1931 1318; baseline -0.002 -13"><span class='ocrx_word' id='word_1_151' title='bbox 79 1264 324 1306; x_wconf 80' lang='lat' dir='ltr'><strong>cresceret</strong></span> <span class='ocrx_word' id='word_1_152' title='bbox 352 1257 488 1311; x_wconf 81' lang='lat' dir='ltr'><strong>lides,</strong></span> <span class='ocrx_word' id='word_1_153' title='bbox 509 1257 604 1304; x_wconf 81' lang='lat' dir='ltr'><strong>dux</strong></span> <span class='ocrx_word' id='word_1_154' title='bbox 634 1257 692 1304; x_wconf 81' lang='lat' dir='ltr'><strong>ad</strong></span> <span class='ocrx_word' id='word_1_155' title='bbox 716 1256 948 1304; x_wconf 80' lang='lat' dir='ltr'><strong>ultimum</strong></span> <span class='ocrx_word' id='word_1_156' title='bbox 972 1255 1082 1304; x_wconf 84' lang='lat' dir='ltr'><strong>helli</strong></span> <span class='ocrx_word' id='word_1_157' title='bbox 1111 1255 1304 1318; x_wconf 76' lang='lat' dir='ltr'><strong>legitur.</strong></span> <span class='ocrx_word' id='word_1_158' title='bbox 1347 1255 1410 1302; x_wconf 81' lang='lat' dir='ltr'><strong>ihi</strong></span> <span class='ocrx_word' id='word_1_159' title='bbox 1433 1270 1542 1302; x_wconf 85' lang='lat' dir='ltr'><strong>cum</strong></span> <span class='ocrx_word' id='word_1_160' title='bbox 1566 1254 1716 1302; x_wconf 81' lang='lat' dir='ltr'><strong>inscia</strong></span> <span class='ocrx_word' id='word_1_161' title='bbox 1743 1254 1869 1302; x_wconf 90' lang='lat' dir='ltr'><strong>mul-</strong></span> <span class='ocrx_word' id='word_1_162' title='bbox 1908 1262 1931 1301; x_wconf 86' lang='lat'><strong>3</strong></span> 
     </span>
    </p>
   </div>
   <div class='ocr_carea' id='block_1_6' title="bbox 71 1325 1931 1820">
    <p class='ocr_par' dir='ltr' id='par_1_6' title="bbox 71 1325 1931 1820">
     <span class='ocr_line' id='line_1_21' title="bbox 80 1325 1869 1391; baseline -0.001 -15"><span class='ocrx_word' id='word_1_163' title='bbox 80 1327 323 1389; x_wconf 76' lang='lat' dir='ltr'><strong>titudine,</strong></span> <span class='ocrx_word' id='word_1_164' title='bbox 362 1327 481 1391; x_wconf 89' lang='lat' dir='ltr'><strong>quid</strong></span> <span class='ocrx_word' id='word_1_165' title='bbox 510 1333 760 1389; x_wconf 75' lang='lat' dir='ltr'><strong>ageretur,</strong></span> <span class='ocrx_word' id='word_1_166' title='bbox 791 1326 975 1390; x_wconf 87' lang='lat' dir='ltr'><strong>proelia</strong></span> <span class='ocrx_word' id='word_1_167' title='bbox 1021 1341 1166 1390; x_wconf 80' lang='lat' dir='ltr'><strong>parva</strong></span> <span class='ocrx_word' id='word_1_168' title='bbox 1195 1326 1324 1373; x_wconf 77' lang='lat' dir='ltr'><strong>inter</strong></span> <span class='ocrx_word' id='word_1_169' title='bbox 1353 1326 1558 1373; x_wconf 73' lang='lat' dir='ltr'><strong>Romam</strong></span> <span class='ocrx_word' id='word_1_170' title='bbox 1589 1325 1869 1389; x_wconf 71' lang='lat' dir='ltr'><strong>Gabiosque</strong></span> 
     </span>
     <span class='ocr_line' id='line_1_22' title="bbox 77 1397 1868 1463; baseline -0.001 -17"><span class='ocrx_word' id='word_1_171' title='bbox 77 1400 271 1456; x_wconf 74' lang='lat' dir='ltr'><strong>tierent,</strong></span> <span class='ocrx_word' id='word_1_172' title='bbox 306 1398 484 1463; x_wconf 84' lang='lat' dir='ltr'><strong>quihus</strong></span> <span class='ocrx_word' id='word_1_173' title='bbox 502 1399 792 1462; x_wconf 81' lang='lat' dir='ltr'><strong>plerumque</strong></span> <span class='ocrx_word' id='word_1_174' title='bbox 811 1397 997 1446; x_wconf 72' lang='lat' dir='ltr'><strong>(labina</strong></span> <span class='ocrx_word' id='word_1_175' title='bbox 1013 1412 1090 1445; x_wconf 83' lang='lat' dir='ltr'><strong>res</strong></span> <span class='ocrx_word' id='word_1_176' title='bbox 1108 1397 1334 1461; x_wconf 78' lang='lat' dir='ltr'><strong>superior</strong></span> <span class='ocrx_word' id='word_1_177' title='bbox 1351 1406 1495 1449; x_wconf 84' lang='lat' dir='ltr'><strong>esset,</strong></span> <span class='ocrx_word' id='word_1_178' title='bbox 1520 1404 1625 1444; x_wconf 80' lang='lat' dir='ltr'><strong>tum</strong></span> <span class='ocrx_word' id='word_1_179' title='bbox 1643 1397 1868 1445; x_wconf 80' lang='lat' dir='ltr'><strong>certatim</strong></span> 
     </span>
     <span class='ocr_line' id='line_1_23' title="bbox 76 1466 1869 1534; baseline -0.002 -16"><span class='ocrx_word' id='word_1_180' title='bbox 76 1470 260 1519; x_wconf 88' lang='lat' dir='ltr'><strong>summi</strong></span> <span class='ocrx_word' id='word_1_181' title='bbox 299 1469 555 1534; x_wconf 80' lang='lat' dir='ltr'><strong>infimique</strong></span> <span class='ocrx_word' id='word_1_182' title='bbox 595 1469 898 1518; x_wconf 73' lang='lat' dir='ltr'><strong>Gabinorum</strong></span> <span class='ocrx_word' id='word_1_183' title='bbox 941 1469 1035 1517; x_wconf 83' lang='lat' dir='ltr'><strong>Sex</strong></span> <span class='ocrx_word' id='word_1_184' title='bbox 1063 1468 1389 1532; x_wconf 81' lang='lat' dir='ltr'><strong>Tarquinium</strong></span> <span class='ocrx_word' id='word_1_185' title='bbox 1432 1468 1561 1516; x_wconf 82' lang='lat' dir='ltr'><strong>dono</strong></span> <span class='ocrx_word' id='word_1_186' title='bbox 1601 1469 1745 1515; x_wconf 75' lang='lat' dir='ltr'><strong>deum</strong></span> <span class='ocrx_word' id='word_1_187' title='bbox 1774 1466 1869 1515; x_wconf 82' lang='lat' dir='ltr'><strong>sibi</strong></span> 
     </span>
     <span class='ocr_line' id='line_1_24' title="bbox 77 1538 1931 1605; baseline -0.001 -16"><span class='ocrx_word' id='word_1_188' title='bbox 77 1541 285 1590; x_wconf 87' lang='lat' dir='ltr'><strong>missum</strong></span> <span class='ocrx_word' id='word_1_189' title='bbox 315 1541 491 1590; x_wconf 86' lang='lat' dir='ltr'><strong>ducem</strong></span> <span class='ocrx_word' id='word_1_190' title='bbox 533 1541 750 1589; x_wconf 76' lang='lat' dir='ltr'><strong>credere.</strong></span> <span class='ocrx_word' id='word_1_191' title='bbox 801 1541 929 1605; x_wconf 87' lang='lat' dir='ltr'><strong>apud</strong></span> <span class='ocrx_word' id='word_1_192' title='bbox 959 1540 1137 1588; x_wconf 77' lang='lat' dir='ltr'><strong>milites</strong></span> <span class='ocrx_word' id='word_1_193' title='bbox 1165 1556 1279 1588; x_wconf 69' lang='lat' dir='ltr'><strong>vero</strong></span> <span class='ocrx_word' id='word_1_194' title='bbox 1308 1538 1538 1587; x_wconf 76' lang='lat' dir='ltr'><strong>oboumlo</strong></span> <span class='ocrx_word' id='word_1_195' title='bbox 1567 1539 1783 1604; x_wconf 87' lang='lat' dir='ltr'><strong>pericula</strong></span> <span class='ocrx_word' id='word_1_196' title='bbox 1813 1554 1867 1586; x_wconf 87' lang='lat' dir='ltr'><strong>ac</strong></span> <span class='ocrx_word' id='word_1_197' title='bbox 1906 1549 1931 1587; x_wconf 83' lang='grc'>4</span> 
     </span>
     <span class='ocr_line' id='line_1_25' title="bbox 71 1611 1865 1677; baseline -0.002 -16"><span class='ocrx_word' id='word_1_198' title='bbox 71 1611 265 1661; x_wconf 81' lang='lat' dir='ltr'><strong>labores</strong></span> <span class='ocrx_word' id='word_1_199' title='bbox 293 1612 498 1677; x_wconf 81' lang='lat' dir='ltr'><strong>pariter,</strong></span> <span class='ocrx_word' id='word_1_200' title='bbox 546 1613 779 1676; x_wconf 73' lang='lat' dir='ltr'><strong>prumiam</strong></span> <span class='ocrx_word' id='word_1_201' title='bbox 807 1611 1041 1660; x_wconf 73' lang='lat' dir='ltr'><strong>munifice</strong></span> <span class='ocrx_word' id='word_1_202' title='bbox 1069 1611 1321 1673; x_wconf 72' lang='lat' dir='ltr'><strong>largiendo</strong></span> <span class='ocrx_word' id='word_1_203' title='bbox 1354 1618 1486 1659; x_wconf 81' lang='lat' dir='ltr'><strong>tanta</strong></span> <span class='ocrx_word' id='word_1_204' title='bbox 1515 1611 1713 1659; x_wconf 59' lang='lat' dir='ltr'><strong>(oritate</strong></span> <span class='ocrx_word' id='word_1_205' title='bbox 1742 1625 1865 1663; x_wconf 77' lang='lat' dir='ltr'><strong>esse,</strong></span> 
     </span>
     <span class='ocr_line' id='line_1_26' title="bbox 72 1674 1864 1748; baseline -0.002 -16"><span class='ocrx_word' id='word_1_206' title='bbox 72 1690 129 1732; x_wconf 86' lang='lat' dir='ltr'><strong>ut</strong></span> <span class='ocrx_word' id='word_1_207' title='bbox 155 1697 256 1732; x_wconf 90' lang='lat' dir='ltr'><strong>non</strong></span> <span class='ocrx_word' id='word_1_208' title='bbox 277 1674 418 1748; x_wconf 67' lang='lat' dir='ltr'><strong>pater</strong></span> <span class='ocrx_word' id='word_1_209' title='bbox 430 1683 728 1748; x_wconf 81' lang='lat' dir='ltr'><strong>Tarquinius</strong></span> <span class='ocrx_word' id='word_1_210' title='bbox 752 1683 999 1747; x_wconf 78' lang='lat' dir='ltr'><strong>potentior</strong></span> <span class='ocrx_word' id='word_1_211' title='bbox 1020 1683 1204 1731; x_wconf 78' lang='lat' dir='ltr'><strong>Romae</strong></span> <span class='ocrx_word' id='word_1_212' title='bbox 1226 1698 1374 1746; x_wconf 78' lang='lat' dir='ltr'><strong>quam</strong></span> <span class='ocrx_word' id='word_1_213' title='bbox 1395 1682 1521 1730; x_wconf 71' lang='lat' dir='ltr'><strong>tilius</strong></span> <span class='ocrx_word' id='word_1_214' title='bbox 1536 1682 1699 1730; x_wconf 68' lang='lat' dir='ltr'><strong>(labiis</strong></span> <span class='ocrx_word' id='word_1_215' title='bbox 1715 1698 1811 1729; x_wconf 70' lang='lat' dir='ltr'><strong>ess«</strong></span> <span class='ocrx_word' id='word_1_216' title='bbox 1833 1688 1864 1728; x_wconf 89' lang='lat' dir='ltr'><strong>t.</strong></span> 
     </span>
     <span class='ocr_line' id='line_1_27' title="bbox 76 1753 1930 1820; baseline -0.002 -17"><span class='ocrx_word' id='word_1_217' title='bbox 76 1754 245 1820; x_wconf 85' lang='lat' dir='ltr'><strong>itaque</strong></span> <span class='ocrx_word' id='word_1_218' title='bbox 273 1762 535 1820; x_wconf 85' lang='lat' dir='ltr'><strong>postquam</strong></span> <span class='ocrx_word' id='word_1_219' title='bbox 564 1755 680 1804; x_wconf 83' lang='lat' dir='ltr'><strong>satis</strong></span> <span class='ocrx_word' id='word_1_220' title='bbox 705 1755 880 1803; x_wconf 74' lang='lat' dir='ltr'><strong>virium</strong></span> <span class='ocrx_word' id='word_1_221' title='bbox 909 1755 1168 1803; x_wconf 85' lang='lat' dir='ltr'><strong>collectum</strong></span> <span class='ocrx_word' id='word_1_222' title='bbox 1197 1755 1255 1801; x_wconf 78' lang='lat' dir='ltr'><strong>ad</strong></span> <span class='ocrx_word' id='word_1_223' title='bbox 1287 1769 1460 1801; x_wconf 88' lang='lat' dir='ltr'><strong>omnes</strong></span> <span class='ocrx_word' id='word_1_224' title='bbox 1483 1761 1689 1802; x_wconf 83' lang='lat' dir='ltr'><strong>conatus</strong></span> <span class='ocrx_word' id='word_1_225' title='bbox 1733 1753 1867 1800; x_wconf 75' lang='lat' dir='ltr'><strong>vide-</strong></span> <span class='ocrx_word' id='word_1_226' title='bbox 1906 1766 1930 1804; x_wconf 85' lang='lat'>5</span> 
     </span>
    </p>
   </div>
   <div class='ocr_carea' id='block_1_7' title="bbox 74 1884 928 3246">
    <p class='ocr_par' dir='ltr' id='par_1_7' title="bbox 74 1884 928 3246">
     <span class='ocr_line' id='line_1_28' title="bbox 76 1884 927 1937; baseline -0.005 -10"><span class='ocrx_word' id='word_1_227' title='bbox 76 1899 158 1927; x_wconf 90' lang='lat' dir='ltr'><strong>von</strong></span> <span class='ocrx_word' id='word_1_228' title='bbox 192 1884 543 1937; x_wconf 62' lang='lat' dir='ltr'><strong>ungebandigtem</strong></span> <span class='ocrx_word' id='word_1_229' title='bbox 575 1884 733 1924; x_wconf 81' lang='lat' dir='ltr'><strong>Muthe.</strong></span> <span class='ocrx_word' id='word_1_230' title='bbox 789 1884 847 1923; x_wconf 86' lang='lat' dir='ltr'><strong>Da</strong></span> <span class='ocrx_word' id='word_1_231' title='bbox 881 1896 927 1923; x_wconf 89' lang='lat' dir='ltr'><strong>er</strong></span> 
     </span>
     <span class='ocr_line' id='line_1_29' title="bbox 78 1939 927 1992; baseline -0.005 -9"><span class='ocrx_word' id='word_1_232' title='bbox 78 1943 308 1985; x_wconf 84' lang='lat' dir='ltr'><strong>dieGabier</strong></span> <span class='ocrx_word' id='word_1_233' title='bbox 331 1940 590 1992; x_wconf 71' lang='lat' dir='ltr'><strong>zumliricge</strong></span> <span class='ocrx_word' id='word_1_234' title='bbox 613 1941 687 1980; x_wconf 87' lang='lat' dir='ltr'><strong>mit</strong></span> <span class='ocrx_word' id='word_1_235' title='bbox 711 1941 812 1981; x_wconf 85' lang='lat' dir='ltr'><strong>Rom</strong></span> <span class='ocrx_word' id='word_1_236' title='bbox 835 1939 927 1979; x_wconf 88' lang='lat' dir='ltr'><strong>auf-</strong></span> 
     </span>
     <span class='ocr_line' id='line_1_30' title="bbox 78 1999 925 2051; baseline -0.004 -12"><span class='ocrx_word' id='word_1_237' title='bbox 78 2012 206 2051; x_wconf 86' lang='lat' dir='ltr'><strong>regeu</strong></span> <span class='ocrx_word' id='word_1_238' title='bbox 238 1999 344 2048; x_wconf 82' lang='lat' dir='ltr'><strong>will,</strong></span> <span class='ocrx_word' id='word_1_239' title='bbox 382 2012 428 2037; x_wconf 89' lang='lat' dir='ltr'><strong>so</strong></span> <span class='ocrx_word' id='word_1_240' title='bbox 462 2012 574 2037; x_wconf 86' lang='lat' dir='ltr'><strong>muss</strong></span> <span class='ocrx_word' id='word_1_241' title='bbox 596 2012 643 2037; x_wconf 89' lang='lat' dir='ltr'><strong>er</strong></span> <span class='ocrx_word' id='word_1_242' title='bbox 665 1999 771 2037; x_wconf 84' lang='lat' dir='ltr'><strong>auch</strong></span> <span class='ocrx_word' id='word_1_243' title='bbox 792 2010 925 2048; x_wconf 84' lang='lat' dir='ltr'><strong>gegen</strong></span> 
     </span>
     <span class='ocr_line' id='line_1_31' title="bbox 78 2054 926 2104; baseline -0.005 -7"><span class='ocrx_word' id='word_1_244' title='bbox 78 2057 153 2097; x_wconf 81' lang='lat' dir='ltr'><strong>das</strong></span> <span class='ocrx_word' id='word_1_245' title='bbox 168 2057 276 2097; x_wconf 78' lang='lat' dir='ltr'><strong>Volk</strong></span> <span class='ocrx_word' id='word_1_246' title='bbox 291 2056 381 2096; x_wconf 88' lang='lat' dir='ltr'><strong>ihre</strong></span> <span class='ocrx_word' id='word_1_247' title='bbox 394 2055 675 2104; x_wconf 75' lang='lat' dir='ltr'><strong>Erbittcrung</strong></span> <span class='ocrx_word' id='word_1_248' title='bbox 687 2054 926 2095; x_wconf 77' lang='lat' dir='ltr'><strong>erweckeu.</strong></span> 
     </span>
     <span class='ocr_line' id='line_1_32' title="bbox 75 2112 926 2154; baseline -0.005 0"><span class='ocrx_word' id='word_1_249' title='bbox 75 2137 130 2142; x_wconf 90' lang='lat'>—</span> <span class='ocrx_word' id='word_1_250' title='bbox 155 2116 195 2154; x_wconf 77' lang='lat' dir='ltr'><strong>si</strong></span> <span class='ocrx_word' id='word_1_251' title='bbox 216 2112 324 2153; x_wconf 70' lang='lat' dir='ltr'><strong>nihil</strong></span> <span class='ocrx_word' id='word_1_252' title='bbox 340 2125 497 2152; x_wconf 69' lang='lat' dir='ltr'><strong>moror.</strong></span> <span class='ocrx_word' id='word_1_253' title='bbox 524 2126 561 2150; x_wconf 91' lang='lat' dir='ltr'><strong>n.</strong></span> <span class='ocrx_word' id='word_1_254' title='bbox 579 2126 692 2151; x_wconf 74' lang='lat' dir='ltr'><strong>eum:</strong></span> <span class='ocrx_word' id='word_1_255' title='bbox 718 2124 840 2150; x_wconf 84' lang='lat' dir='ltr'><strong>wenn</strong></span> <span class='ocrx_word' id='word_1_256' title='bbox 864 2112 926 2150; x_wconf 86' lang='lat' dir='ltr'><strong>sie</strong></span> 
     </span>
     <span class='ocr_line' id='line_1_33' title="bbox 77 2169 924 2219; baseline -0.005 -9"><span class='ocrx_word' id='word_1_257' title='bbox 77 2170 146 2210; x_wconf 90' lang='lat' dir='ltr'><strong>ihn</strong></span> <span class='ocrx_word' id='word_1_258' title='bbox 159 2169 613 2219; x_wconf 81' lang='lat' dir='ltr'><strong>nichtzuriickhalten,</strong></span> <span class='ocrx_word' id='word_1_259' title='bbox 626 2170 692 2208; x_wconf 82' lang='lat' dir='ltr'><strong>ihu</strong></span> <span class='ocrx_word' id='word_1_260' title='bbox 708 2169 924 2208; x_wconf 79' lang='lat' dir='ltr'><strong>entlassen</strong></span> 
     </span>
     <span class='ocr_line' id='line_1_34' title="bbox 75 2227 924 2279; baseline -0.006 -11"><span class='ocrx_word' id='word_1_261' title='bbox 75 2228 268 2275; x_wconf 85' lang='lat' dir='ltr'><strong>wollten,</strong></span> <span class='ocrx_word' id='word_1_262' title='bbox 306 2227 369 2277; x_wconf 81' lang='lat'><strong>10,</strong></span> <span class='ocrx_word' id='word_1_263' title='bbox 396 2227 461 2277; x_wconf 67' lang='lat'><strong>18,</strong></span> <span class='ocrx_word' id='word_1_264' title='bbox 490 2228 551 2266; x_wconf 77' lang='lat'><strong>13.</strong></span> <span class='ocrx_word' id='word_1_265' title='bbox 584 2248 639 2254; x_wconf 94' lang='lat'>—</span> <span class='ocrx_word' id='word_1_266' title='bbox 675 2228 832 2279; x_wconf 57' lang='lat' dir='ltr'><strong>irgseus.</strong></span> <span class='ocrx_word' id='word_1_267' title='bbox 858 2227 924 2265; x_wconf 76' lang='grc' dir='ltr'><strong>ἱνα</strong></span> 
     </span>
     <span class='ocr_line' id='line_1_35' title="bbox 77 2283 923 2336; baseline -0.004 -12"><span class='ocrx_word' id='word_1_268' title='bbox 77 2285 118 2336; x_wconf 85' lang='grc'>2,</span> <span class='ocrx_word' id='word_1_269' title='bbox 144 2285 209 2334; x_wconf 84' lang='grc'><strong>12,</strong></span> <span class='ocrx_word' id='word_1_270' title='bbox 237 2284 308 2333; x_wconf 80' lang='lat'><strong>123</strong></span> <span class='ocrx_word' id='word_1_271' title='bbox 333 2284 372 2332; x_wconf 83' lang='lat'><strong>7,</strong></span> <span class='ocrx_word' id='word_1_272' title='bbox 396 2284 465 2334; x_wconf 86' lang='grc'>27,</span> <span class='ocrx_word' id='word_1_273' title='bbox 486 2284 537 2330; x_wconf 80' lang='lat'><strong>63</strong></span> <span class='ocrx_word' id='word_1_274' title='bbox 569 2283 836 2333; x_wconf 74' lang='lat' dir='ltr'><strong>gewiihnlich</strong></span> <span class='ocrx_word' id='word_1_275' title='bbox 859 2284 923 2321; x_wconf 79' lang='grc' dir='ltr'><strong>ἰη-</strong></span> 
     </span>
     <span class='ocr_line' id='line_1_36' title="bbox 75 2339 922 2391; baseline -0.005 -9"><span class='ocrx_word' id='word_1_276' title='bbox 75 2344 236 2382; x_wconf 74' lang='lat' dir='ltr'><strong>census.</strong></span> <span class='ocrx_word' id='word_1_277' title='bbox 281 2364 333 2370; x_wconf 93' lang='lat'>—</span> <span class='ocrx_word' id='word_1_278' title='bbox 372 2339 474 2391; x_wconf 72' lang='lat' dir='ltr'><strong>alia,</strong></span> <span class='ocrx_word' id='word_1_279' title='bbox 510 2339 922 2389; x_wconf 77' lang='lat' dir='ltr'><strong>veraugemeincrnd</strong></span> 
     </span>
     <span class='ocr_line' id='line_1_37' title="bbox 74 2396 924 2447; baseline -0.004 -9"><span class='ocrx_word' id='word_1_280' title='bbox 74 2399 157 2438; x_wconf 88' lang='lat' dir='ltr'><strong>und</strong></span> <span class='ocrx_word' id='word_1_281' title='bbox 189 2398 363 2438; x_wconf 74' lang='lat' dir='ltr'><strong>stiirkcr</strong></span> <span class='ocrx_word' id='word_1_282' title='bbox 395 2398 460 2437; x_wconf 84' lang='lat' dir='ltr'><strong>als</strong></span> <span class='ocrx_word' id='word_1_283' title='bbox 481 2396 570 2436; x_wconf 67' lang='lat' dir='ltr'><strong>alii.</strong></span> <span class='ocrx_word' id='word_1_284' title='bbox 609 2421 662 2426; x_wconf 93' lang='lat'>—</span> <span class='ocrx_word' id='word_1_285' title='bbox 697 2399 790 2437; x_wconf 76' lang='lat' dir='ltr'><strong>eius</strong></span> <span class='ocrx_word' id='word_1_286' title='bbox 826 2397 924 2447; x_wconf 84' lang='lat' dir='ltr'><strong>geht</strong></span> 
     </span>
     <span class='ocr_line' id='line_1_38' title="bbox 75 2454 886 2503; baseline -0.005 -7"><span class='ocrx_word' id='word_1_287' title='bbox 75 2454 152 2496; x_wconf 83' lang='lat' dir='ltr'><strong>auf</strong></span> <span class='ocrx_word' id='word_1_288' title='bbox 168 2456 324 2497; x_wconf 77' lang='lat' dir='ltr'><strong>Sextus</strong></span> <span class='ocrx_word' id='word_1_289' title='bbox 346 2454 519 2495; x_wconf 83' lang='lat' dir='ltr'><strong>zuriick.</strong></span> <span class='ocrx_word' id='word_1_290' title='bbox 543 2477 596 2483; x_wconf 93' lang='lat'>—</span> <span class='ocrx_word' id='word_1_291' title='bbox 619 2455 708 2503; x_wconf 77' lang='lat' dir='ltr'><strong>sub,</strong></span> <span class='ocrx_word' id='word_1_292' title='bbox 734 2454 798 2493; x_wconf 91' lang='lat' dir='ltr'><strong>bis</strong></span> <span class='ocrx_word' id='word_1_293' title='bbox 821 2466 886 2493; x_wconf 86' lang='lat' dir='ltr'><strong>an.</strong></span> 
     </span>
     <span class='ocr_line' id='line_1_39' title="bbox 134 2505 921 2562; baseline -0.003 -11"><span class='ocrx_word' id='word_1_294' title='bbox 134 2505 221 2553; x_wconf 81' lang='lat'><strong>54·</strong></span> <span class='ocrx_word' id='word_1_295' title='bbox 266 2512 367 2554; x_wconf 82' lang='lat'><strong>1-2.</strong></span> <span class='ocrx_word' id='word_1_296' title='bbox 400 2511 594 2562; x_wconf 76' lang='lat' dir='ltr'><strong>consilia,</strong></span> <span class='ocrx_word' id='word_1_297' title='bbox 627 2511 921 2561; x_wconf 77' lang='lat' dir='ltr'><strong>sserathungen</strong></span> 
     </span>
     <span class='ocr_line' id='line_1_40' title="bbox 76 2567 921 2621; baseline -0.001 -14"><span class='ocrx_word' id='word_1_298' title='bbox 76 2567 179 2609; x_wconf 87' lang='lat' dir='ltr'><strong>iiber</strong></span> <span class='ocrx_word' id='word_1_299' title='bbox 192 2568 728 2621; x_wconf 80' lang='lat' dir='ltr'><strong>Staatsangelegeuheiten,</strong></span> <span class='ocrx_word' id='word_1_300' title='bbox 753 2568 842 2607; x_wconf 90' lang='lat' dir='ltr'><strong>also</strong></span> <span class='ocrx_word' id='word_1_301' title='bbox 867 2567 921 2606; x_wconf 92' lang='lat' dir='ltr'><strong>im</strong></span> 
     </span>
     <span class='ocr_line' id='line_1_41' title="bbox 76 2625 923 2677; baseline -0.002 -12"><span class='ocrx_word' id='word_1_302' title='bbox 76 2625 246 2666; x_wconf 83' lang='lat' dir='ltr'><strong>Senate.</strong></span> <span class='ocrx_word' id='word_1_303' title='bbox 298 2649 352 2655; x_wconf 91' lang='lat'><em>-</em></span> <span class='ocrx_word' id='word_1_304' title='bbox 408 2625 642 2677; x_wconf 73' lang='lat' dir='ltr'><strong>adsentire,</strong></span> <span class='ocrx_word' id='word_1_305' title='bbox 708 2626 923 2665; x_wconf 86' lang='lat' dir='ltr'><strong>veraltete</strong></span> 
     </span>
     <span class='ocr_line' id='line_1_42' title="bbox 77 2680 923 2732; baseline 0 -11"><span class='ocrx_word' id='word_1_306' title='bbox 77 2680 202 2722; x_wconf 88' lang='lat' dir='ltr'><strong>Form</strong></span> <span class='ocrx_word' id='word_1_307' title='bbox 243 2687 349 2723; x_wconf 77' lang='lat' dir='ltr'><strong>statt</strong></span> <span class='ocrx_word' id='word_1_308' title='bbox 378 2682 599 2723; x_wconf 75' lang='lat' dir='ltr'><strong>adsentiri.</strong></span> <span class='ocrx_word' id='word_1_309' title='bbox 642 2705 695 2710; x_wconf 74' lang='grc'><strong>-</strong></span> <span class='ocrx_word' id='word_1_310' title='bbox 739 2683 923 2732; x_wconf 66' lang='lat' dir='ltr'><strong>veterib„</strong></span> 
     </span>
     <span class='ocr_line' id='line_1_43' title="bbox 77 2739 925 2789; baseline -0.001 -10"><span class='ocrx_word' id='word_1_311' title='bbox 77 2739 156 2779; x_wconf 84' lang='lat' dir='ltr'><strong>den</strong></span> <span class='ocrx_word' id='word_1_312' title='bbox 173 2740 301 2789; x_wconf 82' lang='lat' dir='ltr'><strong>alten,</strong></span> <span class='ocrx_word' id='word_1_313' title='bbox 325 2739 450 2778; x_wconf 90' lang='lat' dir='ltr'><strong>schon</strong></span> <span class='ocrx_word' id='word_1_314' title='bbox 475 2739 586 2780; x_wconf 81' lang='lat' dir='ltr'><strong>viele</strong></span> <span class='ocrx_word' id='word_1_315' title='bbox 606 2739 734 2779; x_wconf 89' lang='lat' dir='ltr'><strong>Jahre</strong></span> <span class='ocrx_word' id='word_1_316' title='bbox 753 2739 925 2778; x_wconf 71' lang='lat' dir='ltr'><strong>ziihlen-</strong></span> 
     </span>
     <span class='ocr_line' id='line_1_44' title="bbox 78 2796 923 2847; baseline 0 -12"><span class='ocrx_word' id='word_1_317' title='bbox 78 2796 172 2836; x_wconf 86' lang='lat' dir='ltr'><strong>deu.</strong></span> <span class='ocrx_word' id='word_1_318' title='bbox 209 2819 261 2824; x_wconf 96' lang='lat'><strong>——-</strong></span> <span class='ocrx_word' id='word_1_319' title='bbox 297 2798 446 2836; x_wconf 79' lang='lat' dir='ltr'><strong>auctor</strong></span> <span class='ocrx_word' id='word_1_320' title='bbox 476 2809 582 2847; x_wconf 79' lang='lat' dir='ltr'><strong>esse,</strong></span> <span class='ocrx_word' id='word_1_321' title='bbox 613 2797 749 2836; x_wconf 84' lang='lat' dir='ltr'><strong>indem</strong></span> <span class='ocrx_word' id='word_1_322' title='bbox 782 2809 829 2836; x_wconf 93' lang='lat' dir='ltr'><strong>er</strong></span> <span class='ocrx_word' id='word_1_323' title='bbox 860 2796 923 2835; x_wconf 85' lang='lat' dir='ltr'><strong>sie</strong></span> 
     </span>
     <span class='ocr_line' id='line_1_45' title="bbox 76 2852 924 2894; baseline 0 -2"><span class='ocrx_word' id='word_1_324' title='bbox 76 2853 211 2894; x_wconf 82' lang='lat' dir='ltr'><strong>durch</strong></span> <span class='ocrx_word' id='word_1_325' title='bbox 234 2852 343 2892; x_wconf 80' lang='lat' dir='ltr'><strong>Rath</strong></span> <span class='ocrx_word' id='word_1_326' title='bbox 367 2853 448 2892; x_wconf 90' lang='lat' dir='ltr'><strong>und</strong></span> <span class='ocrx_word' id='word_1_327' title='bbox 472 2852 648 2893; x_wconf 81' lang='lat' dir='ltr'><strong>Antrieb</strong></span> <span class='ocrx_word' id='word_1_328' title='bbox 672 2866 723 2891; x_wconf 87' lang='lat' dir='ltr'><strong>zu</strong></span> <span class='ocrx_word' id='word_1_329' title='bbox 749 2853 924 2893; x_wconf 84' lang='lat' dir='ltr'><strong>bestim-</strong></span> 
     </span>
     <span class='ocr_line' id='line_1_46' title="bbox 77 2908 924 2950; baseline -0.001 -1"><span class='ocrx_word' id='word_1_330' title='bbox 77 2921 168 2950; x_wconf 87' lang='lat' dir='ltr'><strong>men</strong></span> <span class='ocrx_word' id='word_1_331' title='bbox 187 2910 347 2950; x_wconf 83' lang='lat' dir='ltr'><strong>suchte.</strong></span> <span class='ocrx_word' id='word_1_332' title='bbox 374 2909 454 2949; x_wconf 80' lang='lat' dir='ltr'><strong>Der</strong></span> <span class='ocrx_word' id='word_1_333' title='bbox 473 2908 543 2949; x_wconf 83' lang='lat' dir='ltr'><strong>ins.</strong></span> <span class='ocrx_word' id='word_1_334' title='bbox 563 2909 662 2949; x_wconf 85' lang='lat' dir='ltr'><strong>hist.</strong></span> <span class='ocrx_word' id='word_1_335' title='bbox 686 2909 813 2949; x_wconf 79' lang='lat' dir='ltr'><strong>findet</strong></span> <span class='ocrx_word' id='word_1_336' title='bbox 831 2909 924 2949; x_wconf 89' lang='lat' dir='ltr'><strong>sich</strong></span> 
     </span>
     <span class='ocr_line' id='line_1_47' title="bbox 76 2966 924 3015; baseline 0 -9"><span class='ocrx_word' id='word_1_337' title='bbox 76 2966 194 3008; x_wconf 80' lang='lat' dir='ltr'><strong>nicht</strong></span> <span class='ocrx_word' id='word_1_338' title='bbox 216 2967 352 3008; x_wconf 84' lang='lat' dir='ltr'><strong>seiten</strong></span> <span class='ocrx_word' id='word_1_339' title='bbox 377 2966 430 3006; x_wconf 89' lang='lat' dir='ltr'><strong>im</strong></span> <span class='ocrx_word' id='word_1_340' title='bbox 453 2967 704 3013; x_wconf 73' lang='lat' dir='ltr'><strong>Nachsntze‚</strong></span> <span class='ocrx_word' id='word_1_341' title='bbox 738 2979 771 3006; x_wconf 91' lang='lat' dir='ltr'><strong>s.</strong></span> <span class='ocrx_word' id='word_1_342' title='bbox 796 2981 830 3006; x_wconf 88' lang='lat' dir='ltr'><strong>c.</strong></span> <span class='ocrx_word' id='word_1_343' title='bbox 856 2967 924 3015; x_wconf 63' lang='lat'><strong>55,</strong></span> 
     </span>
     <span class='ocr_line' id='line_1_48' title="bbox 78 3022 925 3075; baseline -0.004 -13"><span class='ocrx_word' id='word_1_344' title='bbox 78 3022 127 3070; x_wconf 75' lang='lat'><strong>33</strong></span> <span class='ocrx_word' id='word_1_345' title='bbox 153 3025 193 3075; x_wconf 89' lang='grc'><strong>5,</strong></span> <span class='ocrx_word' id='word_1_346' title='bbox 208 3027 246 3074; x_wconf 78' lang='grc'>9,</span> <span class='ocrx_word' id='word_1_347' title='bbox 262 3024 284 3063; x_wconf 86' lang='grc'>2</span> <span class='ocrx_word' id='word_1_348' title='bbox 300 3037 387 3063; x_wconf 86' lang='lat' dir='ltr'><strong>u.a.</strong></span> <span class='ocrx_word' id='word_1_349' title='bbox 404 3023 647 3071; x_wconf 72' lang='lat' dir='ltr'><strong>—ad.s·11m.,</strong></span> <span class='ocrx_word' id='word_1_350' title='bbox 674 3023 757 3073; x_wconf 73' lang='lat' dir='ltr'><strong>vgl.</strong></span> <span class='ocrx_word' id='word_1_351' title='bbox 771 3023 839 3073; x_wconf 88' lang='grc'>37,</span> <span class='ocrx_word' id='word_1_352' title='bbox 862 3024 925 3071; x_wconf 88' lang='lat' dir='ltr'><strong>lo,</strong></span> 
     </span>
     <span class='ocr_line' id='line_1_49' title="bbox 77 3079 925 3135; baseline 0 -16"><span class='ocrx_word' id='word_1_353' title='bbox 77 3080 125 3119; x_wconf 87' lang='lat'><strong>2:</strong></span> <span class='ocrx_word' id='word_1_354' title='bbox 160 3082 390 3135; x_wconf 73' lang='lat' dir='ltr'><strong>praecipuo</strong></span> <span class='ocrx_word' id='word_1_355' title='bbox 427 3083 656 3121; x_wconf 75' lang='lat' dir='ltr'><strong>certamine</strong></span> <span class='ocrx_word' id='word_1_356' title='bbox 683 3082 819 3119; x_wconf 72' lang='lat' dir='ltr'><strong>animi</strong></span> <span class='ocrx_word' id='word_1_357' title='bbox 849 3079 925 3119; x_wconf 82' lang='lat' dir='ltr'><strong>ad-</strong></span> 
     </span>
     <span class='ocr_line' id='line_1_50' title="bbox 79 3139 928 3192; baseline 0 -15"><span class='ocrx_word' id='word_1_358' title='bbox 79 3149 227 3177; x_wconf 77' lang='lat' dir='ltr'><strong>versus</strong></span> <span class='ocrx_word' id='word_1_359' title='bbox 254 3151 348 3178; x_wconf 79' lang='lat' dir='ltr'><strong>enm</strong></span> <span class='ocrx_word' id='word_1_360' title='bbox 372 3141 621 3192; x_wconf 76' lang='lat' dir='ltr'><strong>.s·e1711pto.—-</strong></span> <span class='ocrx_word' id='word_1_361' title='bbox 646 3139 784 3186; x_wconf 74' lang='lat' dir='ltr'><strong>sciret,</strong></span> <span class='ocrx_word' id='word_1_362' title='bbox 807 3143 928 3177; x_wconf 83' lang='lat' dir='ltr'><strong>sonst</strong></span> 
     </span>
     <span class='ocr_line' id='line_1_51' title="bbox 78 3192 925 3246; baseline 0 -12"><span class='ocrx_word' id='word_1_363' title='bbox 78 3205 312 3246; x_wconf 74' lang='lat' dir='ltr'><strong>gemuere,</strong></span> <span class='ocrx_word' id='word_1_364' title='bbox 350 3194 662 3243; x_wconf 75' lang='lat' dir='ltr'><strong>eingehendere</strong></span> <span class='ocrx_word' id='word_1_365' title='bbox 695 3192 925 3235; x_wconf 73' lang='lat' dir='ltr'><strong>lienntniss</strong></span> 
     </span>
    </p>
   </div>
   <div class='ocr_carea' id='block_1_8' title="bbox 1020 1881 1864 2046">
    <p class='ocr_par' dir='ltr' id='par_1_8' title="bbox 1020 1881 1864 2046">
     <span class='ocr_line' id='line_1_52' title="bbox 1021 1881 1864 1932; baseline -0.004 -9"><span class='ocrx_word' id='word_1_366' title='bbox 1021 1884 1084 1923; x_wconf 85' lang='lat' dir='ltr'><strong>als</strong></span> <span class='ocrx_word' id='word_1_367' title='bbox 1106 1896 1242 1932; x_wconf 77' lang='lat' dir='ltr'><strong>nosse,</strong></span> <span class='ocrx_word' id='word_1_368' title='bbox 1272 1882 1366 1922; x_wconf 81' lang='lat' dir='ltr'><strong>hier</strong></span> <span class='ocrx_word' id='word_1_369' title='bbox 1388 1883 1502 1921; x_wconf 76' lang='lat' dir='ltr'><strong>mehr</strong></span> <span class='ocrx_word' id='word_1_370' title='bbox 1526 1895 1591 1921; x_wconf 92' lang='lat' dir='ltr'><strong>um</strong></span> <span class='ocrx_word' id='word_1_371' title='bbox 1615 1881 1864 1921; x_wconf 76' lang='lat' dir='ltr'><strong>abzuwech-</strong></span> 
     </span>
     <span class='ocr_line' id='line_1_53' title="bbox 1021 1938 1864 1993; baseline -0.001 -14"><span class='ocrx_word' id='word_1_372' title='bbox 1021 1941 1125 1979; x_wconf 90' lang='lat' dir='ltr'><strong>seln.</strong></span> <span class='ocrx_word' id='word_1_373' title='bbox 1150 1964 1202 1968; x_wconf 91' lang='lat'>—</span> <span class='ocrx_word' id='word_1_374' title='bbox 1222 1941 1426 1993; x_wconf 63' lang='lat' dir='ltr'><strong>profecto,</strong></span> <span class='ocrx_word' id='word_1_375' title='bbox 1452 1953 1483 1978; x_wconf 88' lang='lat' dir='ltr'><strong>s.</strong></span> <span class='ocrx_word' id='word_1_376' title='bbox 1509 1953 1543 1978; x_wconf 86' lang='lat' dir='ltr'><strong>c.</strong></span> <span class='ocrx_word' id='word_1_377' title='bbox 1574 1941 1636 1987; x_wconf 81' lang='lat'><strong>15,</strong></span> <span class='ocrx_word' id='word_1_378' title='bbox 1669 1942 1700 1987; x_wconf 87' lang='grc'><strong>1,</strong></span> <span class='ocrx_word' id='word_1_379' title='bbox 1723 1938 1817 1978; x_wconf 87' lang='lat' dir='ltr'><strong>hier</strong></span> <span class='ocrx_word' id='word_1_380' title='bbox 1839 1958 1864 1973; x_wconf 93' lang='lat'>=</span> 
     </span>
     <span class='ocr_line' id='line_1_54' title="bbox 1020 1995 1864 2046; baseline -0.001 -9"><span class='ocrx_word' id='word_1_381' title='bbox 1020 2011 1123 2037; x_wconf 88' lang='lat' dir='ltr'><strong>erm</strong></span> <span class='ocrx_word' id='word_1_382' title='bbox 1139 1997 1192 2036; x_wconf 80' lang='lat' dir='ltr'><strong>iis</strong></span> <span class='ocrx_word' id='word_1_383' title='bbox 1207 2010 1259 2037; x_wconf 90' lang='lat' dir='ltr'><strong>se</strong></span> <span class='ocrx_word' id='word_1_384' title='bbox 1282 1996 1480 2036; x_wconf 74' lang='lat' dir='ltr'><strong>vei-hasst</strong></span> <span class='ocrx_word' id='word_1_385' title='bbox 1499 1996 1605 2044; x_wconf 87' lang='lat' dir='ltr'><strong>sein,</strong></span> <span class='ocrx_word' id='word_1_386' title='bbox 1625 1995 1687 2035; x_wconf 80' lang='lat' dir='ltr'><strong>sei</strong></span> <span class='ocrx_word' id='word_1_387' title='bbox 1706 1997 1864 2046; x_wconf 77' lang='lat' dir='ltr'><strong>gewiss</strong></span> 
     </span>
    </p>
   </div>
   <div class='ocr_carea' id='block_1_9' title="bbox 1020 2052 1870 2221">
    <p class='ocr_par' dir='ltr' id='par_1_9' title="bbox 1020 2052 1870 2221">
     <span class='ocr_line' id='line_1_55' title="bbox 1021 2052 1870 2104; baseline -0.001 -11"><span class='ocrx_word' id='word_1_388' title='bbox 1021 2069 1058 2093; x_wconf 92' lang='lat' dir='ltr'><strong>u.</strong></span> <span class='ocrx_word' id='word_1_389' title='bbox 1083 2067 1115 2093; x_wconf 89' lang='lat' dir='ltr'><strong>s.</strong></span> <span class='ocrx_word' id='word_1_390' title='bbox 1143 2067 1193 2093; x_wconf 82' lang='lat' dir='ltr'><strong>w.</strong></span> <span class='ocrx_word' id='word_1_391' title='bbox 1218 2076 1270 2082; x_wconf 90' lang='lat'><strong>—</strong></span> <span class='ocrx_word' id='word_1_392' title='bbox 1293 2052 1536 2101; x_wconf 63' lang='lat' dir='ltr'><strong>rebellam„</strong></span> <span class='ocrx_word' id='word_1_393' title='bbox 1568 2054 1609 2092; x_wconf 92' lang='lat' dir='ltr'><strong>in</strong></span> <span class='ocrx_word' id='word_1_394' title='bbox 1635 2053 1772 2104; x_wconf 77' lang='lat' dir='ltr'><strong>Bezug</strong></span> <span class='ocrx_word' id='word_1_395' title='bbox 1794 2052 1870 2092; x_wconf 83' lang='lat' dir='ltr'><strong>auf</strong></span> 
     </span>
     <span class='ocr_line' id='line_1_56' title="bbox 1020 2110 1863 2160; baseline 0.001 -11"><span class='ocrx_word' id='word_1_396' title='bbox 1020 2111 1093 2150; x_wconf 83' lang='lat' dir='ltr'><strong>das</strong></span> <span class='ocrx_word' id='word_1_397' title='bbox 1111 2110 1316 2150; x_wconf 84' lang='lat' dir='ltr'><strong>Biindniss</strong></span> <span class='ocrx_word' id='word_1_398' title='bbox 1339 2125 1374 2150; x_wconf 87' lang='lat' dir='ltr'><strong>c.</strong></span> <span class='ocrx_word' id='word_1_399' title='bbox 1398 2111 1466 2158; x_wconf 82' lang='lat'><strong>52,</strong></span> <span class='ocrx_word' id='word_1_400' title='bbox 1488 2111 1533 2159; x_wconf 75' lang='lat'><strong>43</strong></span> <span class='ocrx_word' id='word_1_401' title='bbox 1559 2111 1640 2160; x_wconf 67' lang='lat' dir='ltr'><strong>xgl.</strong></span> <span class='ocrx_word' id='word_1_402' title='bbox 1666 2124 1700 2150; x_wconf 91' lang='lat' dir='ltr'><strong>c.</strong></span> <span class='ocrx_word' id='word_1_403' title='bbox 1726 2112 1793 2160; x_wconf 79' lang='lat'><strong>55,</strong></span> <span class='ocrx_word' id='word_1_404' title='bbox 1823 2113 1863 2152; x_wconf 88' lang='lat'><strong>1:</strong></span> 
     </span>
     <span class='ocr_line' id='line_1_57' title="bbox 1024 2166 1863 2221; baseline -0.001 -14"><span class='ocrx_word' id='word_1_405' title='bbox 1024 2167 1120 2207; x_wconf 65' lang='lat' dir='ltr'><em>Gal).</em></span> <span class='ocrx_word' id='word_1_406' title='bbox 1154 2170 1356 2221; x_wconf 74' lang='lat' dir='ltr'><strong>receptis:</strong></span> <span class='ocrx_word' id='word_1_407' title='bbox 1391 2167 1427 2216; x_wconf 84' lang='lat'><strong>2,</strong></span> <span class='ocrx_word' id='word_1_408' title='bbox 1460 2170 1528 2216; x_wconf 71' lang='lat'><strong>39,</strong></span> <span class='ocrx_word' id='word_1_409' title='bbox 1548 2168 1585 2206; x_wconf 76' lang='lat'><strong>4.</strong></span> <span class='ocrx_word' id='word_1_410' title='bbox 1613 2191 1665 2195; x_wconf 96' lang='lat'><strong>—</strong></span> <span class='ocrx_word' id='word_1_411' title='bbox 1688 2166 1863 2206; x_wconf 72' lang='lat' dir='ltr'><strong>dit-tis-</strong></span> 
     </span>
    </p>
   </div>
   <div class='ocr_carea' id='block_1_10' title="bbox 1018 2224 1864 2387">
    <p class='ocr_par' dir='ltr' id='par_1_10' title="bbox 1018 2224 1864 2387">
     <span class='ocr_line' id='line_1_58' title="bbox 1021 2224 1853 2276; baseline 0 -13"><span class='ocrx_word' id='word_1_412' title='bbox 1021 2227 1160 2276; x_wconf 78' lang='lat' dir='ltr'><strong>instr.‚</strong></span> <span class='ocrx_word' id='word_1_413' title='bbox 1184 2225 1238 2264; x_wconf 86' lang='lat' dir='ltr'><strong>ist</strong></span> <span class='ocrx_word' id='word_1_414' title='bbox 1261 2225 1342 2263; x_wconf 81' lang='lat' dir='ltr'><strong>wol</strong></span> <span class='ocrx_word' id='word_1_415' title='bbox 1369 2224 1483 2263; x_wconf 56' lang='lat' dir='ltr'><strong>Abi:</strong></span> <span class='ocrx_word' id='word_1_416' title='bbox 1510 2224 1709 2263; x_wconf 70' lang='lat' dir='ltr'><strong>wiihrend</strong></span> <span class='ocrx_word' id='word_1_417' title='bbox 1733 2224 1816 2264; x_wconf 78' lang='lat' dir='ltr'><strong>alie</strong></span> <span class='ocrx_word' id='word_1_418' title='bbox 1841 2248 1853 2252; x_wconf 82' lang='lat'>-</span> 
     </span>
     <span class='ocr_line' id='line_1_59' title="bbox 1018 2280 1864 2329; baseline 0.001 -9"><span class='ocrx_word' id='word_1_419' title='bbox 1018 2295 1096 2320; x_wconf 89' lang='lat' dir='ltr'><strong>nur</strong></span> <span class='ocrx_word' id='word_1_420' title='bbox 1133 2280 1207 2320; x_wconf 84' lang='lat' dir='ltr'><strong>auf</strong></span> <span class='ocrx_word' id='word_1_421' title='bbox 1234 2307 1267 2310; x_wconf 97' lang='lat'><strong>—</strong></span> <span class='ocrx_word' id='word_1_422' title='bbox 1300 2282 1526 2320; x_wconf 72' lang='lat' dir='ltr'><strong>bert-chnet</strong></span> <span class='ocrx_word' id='word_1_423' title='bbox 1565 2294 1719 2329; x_wconf 80' lang='lat' dir='ltr'><strong>waren,</strong></span> <span class='ocrx_word' id='word_1_424' title='bbox 1759 2283 1864 2321; x_wconf 86' lang='lat' dir='ltr'><strong>nach</strong></span> 
     </span>
     <span class='ocr_line' id='line_1_60' title="bbox 1018 2338 1864 2387; baseline 0 -10"><span class='ocrx_word' id='word_1_425' title='bbox 1018 2339 1211 2379; x_wconf 73' lang='lat' dir='ltr'><strong>Anderen</strong></span> <span class='ocrx_word' id='word_1_426' title='bbox 1236 2338 1376 2387; x_wconf 80' lang='lat' dir='ltr'><strong>Dativ,</strong></span> <span class='ocrx_word' id='word_1_427' title='bbox 1406 2351 1486 2377; x_wconf 81' lang='lat' dir='ltr'><strong>von</strong></span> <span class='ocrx_word' id='word_1_428' title='bbox 1511 2342 1762 2378; x_wconf 53' lang='lat' dir='ltr'><strong>accresceret</strong></span> <span class='ocrx_word' id='word_1_429' title='bbox 1790 2339 1864 2378; x_wconf 85' lang='lat' dir='ltr'><strong>ab·</strong></span> 
     </span>
    </p>
   </div>
   <div class='ocr_carea' id='block_1_11' title="bbox 1016 2395 1863 2559">
    <p class='ocr_par' dir='ltr' id='par_1_11' title="bbox 1016 2395 1863 2559">
     <span class='ocr_line' id='line_1_61' title="bbox 1016 2395 1862 2447; baseline 0.001 -13"><span class='ocrx_word' id='word_1_430' title='bbox 1016 2395 1188 2446; x_wconf 73' lang='lat' dir='ltr'><strong>hiingig.</strong></span> <span class='ocrx_word' id='word_1_431' title='bbox 1228 2417 1282 2423; x_wconf 89' lang='lat'>—</span> <span class='ocrx_word' id='word_1_432' title='bbox 1320 2407 1425 2434; x_wconf 77' lang='lat' dir='ltr'><strong>rana</strong></span> <span class='ocrx_word' id='word_1_433' title='bbox 1447 2396 1500 2447; x_wconf 61' lang='lat' dir='ltr'><strong>ll,</strong></span> <span class='ocrx_word' id='word_1_434' title='bbox 1525 2396 1598 2434; x_wconf 80' lang='lat' dir='ltr'><strong>dus</strong></span> <span class='ocrx_word' id='word_1_435' title='bbox 1622 2396 1761 2435; x_wconf 75' lang='lat' dir='ltr'><strong>obwol</strong></span> <span class='ocrx_word' id='word_1_436' title='bbox 1785 2410 1862 2435; x_wconf 91' lang='lat' dir='ltr'><strong>un-</strong></span> 
     </span>
     <span class='ocr_line' id='line_1_62' title="bbox 1017 2452 1863 2502; baseline 0.002 -12"><span class='ocrx_word' id='word_1_437' title='bbox 1017 2452 1279 2502; x_wconf 72' lang='lat' dir='ltr'><strong>begriindete</strong></span> <span class='ocrx_word' id='word_1_438' title='bbox 1294 2452 1534 2491; x_wconf 71' lang='lat' dir='ltr'><strong>vertrauen</strong></span> <span class='ocrx_word' id='word_1_439' title='bbox 1552 2466 1601 2491; x_wconf 88' lang='lat' dir='ltr'><strong>zu</strong></span> <span class='ocrx_word' id='word_1_440' title='bbox 1621 2452 1863 2493; x_wconf 86' lang='lat' dir='ltr'><strong>demselbeu</strong></span> 
     </span>
     <span class='ocr_line' id='line_1_63' title="bbox 1016 2508 1863 2559; baseline 0.002 -11"><span class='ocrx_word' id='word_1_441' title='bbox 1016 2510 1142 2559; x_wconf 82' lang='lat' dir='ltr'><strong>stieg.</strong></span> <span class='ocrx_word' id='word_1_442' title='bbox 1182 2532 1235 2537; x_wconf 86' lang='lat'>-</span> <span class='ocrx_word' id='word_1_443' title='bbox 1271 2508 1329 2549; x_wconf 85' lang='lat' dir='ltr'><strong>ad</strong></span> <span class='ocrx_word' id='word_1_444' title='bbox 1357 2508 1573 2558; x_wconf 74' lang='lat' dir='ltr'><strong>nltimam,</strong></span> <span class='ocrx_word' id='word_1_445' title='bbox 1609 2509 1689 2548; x_wconf 81' lang='lat' dir='ltr'><strong>wic</strong></span> <span class='ocrx_word' id='word_1_446' title='bbox 1726 2510 1863 2550; x_wconf 83' lang='lat' dir='ltr'><strong>locale</strong></span> 
     </span>
    </p>
   </div>
   <div class='ocr_carea' id='block_1_12' title="bbox 1014 2566 1868 3239">
    <p class='ocr_par' dir='ltr' id='par_1_12' title="bbox 1014 2566 1868 3239">
     <span class='ocr_line' id='line_1_64' title="bbox 1015 2566 1864 2617; baseline 0 -11"><span class='ocrx_word' id='word_1_447' title='bbox 1015 2566 1314 2607; x_wconf 76' lang='lat' dir='ltr'><strong>Verhiiltnisse</strong></span> <span class='ocrx_word' id='word_1_448' title='bbox 1329 2566 1672 2616; x_wconf 78' lang='lat' dir='ltr'><strong>werden,jedoch</strong></span> <span class='ocrx_word' id='word_1_449' title='bbox 1686 2567 1864 2617; x_wconf 83' lang='lat' dir='ltr'><strong>seltner,</strong></span> 
     </span>
     <span class='ocr_line' id='line_1_65' title="bbox 1016 2623 1864 2673; baseline -0.001 -10"><span class='ocrx_word' id='word_1_450' title='bbox 1016 2624 1123 2663; x_wconf 82' lang='lat' dir='ltr'><strong>auch</strong></span> <span class='ocrx_word' id='word_1_451' title='bbox 1146 2623 1348 2663; x_wconf 87' lang='lat' dir='ltr'><strong>zeitliche</strong></span> <span class='ocrx_word' id='word_1_452' title='bbox 1371 2623 1672 2673; x_wconf 79' lang='lat' dir='ltr'><strong>ausgedriirkt,</strong></span> <span class='ocrx_word' id='word_1_453' title='bbox 1697 2638 1727 2663; x_wconf 90' lang='lat' dir='ltr'><strong>s.</strong></span> <span class='ocrx_word' id='word_1_454' title='bbox 1747 2625 1864 2673; x_wconf 80' lang='lat' dir='ltr'><strong>c.53‚</strong></span> 
     </span>
     <span class='ocr_line' id='line_1_66' title="bbox 1021 2680 1863 2733; baseline -0.001 -11"><span class='ocrx_word' id='word_1_455' title='bbox 1021 2683 1092 2730; x_wconf 81' lang='lat'><strong>103</strong></span> <span class='ocrx_word' id='word_1_456' title='bbox 1116 2682 1159 2730; x_wconf 76' lang='lat'><strong>9,</strong></span> <span class='ocrx_word' id='word_1_457' title='bbox 1182 2683 1221 2732; x_wconf 78' lang='grc' dir='ltr'>ὃ,</span> <span class='ocrx_word' id='word_1_458' title='bbox 1251 2683 1312 2721; x_wconf 80' lang='grc'><strong>15.</strong></span> <span class='ocrx_word' id='word_1_459' title='bbox 1338 2704 1391 2708; x_wconf 91' lang='grc'><strong>-</strong></span> <span class='ocrx_word' id='word_1_460' title='bbox 1415 2683 1455 2719; x_wconf 76' lang='lat' dir='ltr'><strong>in</strong></span> <span class='ocrx_word' id='word_1_461' title='bbox 1479 2694 1593 2733; x_wconf 65' lang='lat' dir='ltr'><strong>emp„</strong></span> <span class='ocrx_word' id='word_1_462' title='bbox 1618 2680 1746 2721; x_wconf 78' lang='lat' dir='ltr'><strong>neben</strong></span> <span class='ocrx_word' id='word_1_463' title='bbox 1771 2682 1863 2721; x_wconf 79' lang='lat' dir='ltr'><strong>dem</strong></span> 
     </span>
     <span class='ocr_line' id='line_1_67' title="bbox 1017 2737 1868 2791; baseline 0 -13"><span class='ocrx_word' id='word_1_464' title='bbox 1017 2738 1178 2791; x_wconf 86' lang='lat' dir='ltr'><strong>Supin.‚</strong></span> <span class='ocrx_word' id='word_1_465' title='bbox 1202 2738 1283 2778; x_wconf 83' lang='lat' dir='ltr'><strong>wie</strong></span> <span class='ocrx_word' id='word_1_466' title='bbox 1306 2737 1393 2778; x_wconf 88' lang='lat' dir='ltr'><strong>Cic.</strong></span> <span class='ocrx_word' id='word_1_467' title='bbox 1414 2738 1452 2777; x_wconf 90' lang='lat' dir='ltr'><strong>in</strong></span> <span class='ocrx_word' id='word_1_468' title='bbox 1477 2739 1593 2777; x_wconf 82' lang='lat' dir='ltr'><strong>Clod.</strong></span> <span class='ocrx_word' id='word_1_469' title='bbox 1619 2739 1666 2777; x_wconf 85' lang='lat'><strong>3:</strong></span> <span class='ocrx_word' id='word_1_470' title='bbox 1699 2752 1779 2778; x_wconf 78' lang='lat' dir='ltr'><strong>non</strong></span> <span class='ocrx_word' id='word_1_471' title='bbox 1809 2737 1868 2778; x_wconf 80' lang='lat' dir='ltr'><strong>ad</strong></span> 
     </span>
     <span class='ocr_line' id='line_1_68' title="bbox 1018 2793 1844 2848; baseline 0 -13"><span class='ocrx_word' id='word_1_472' title='bbox 1018 2797 1249 2835; x_wconf 72' lang='lat' dir='ltr'><strong>contionem</strong></span> <span class='ocrx_word' id='word_1_473' title='bbox 1279 2793 1356 2834; x_wconf 82' lang='lat' dir='ltr'><strong>sed</strong></span> <span class='ocrx_word' id='word_1_474' title='bbox 1381 2808 1581 2848; x_wconf 76' lang='lat' dir='ltr'><strong>sponsum</strong></span> <span class='ocrx_word' id='word_1_475' title='bbox 1605 2795 1844 2835; x_wconf 74' lang='lat' dir='ltr'><strong>advocasse.</strong></span> 
     </span>
     <span class='ocr_line' id='line_1_69' title="bbox 1075 2852 1862 2904; baseline 0 -12"><span class='ocrx_word' id='word_1_476' title='bbox 1075 2852 1181 2892; x_wconf 81' lang='lat'>3-5.</span> <span class='ocrx_word' id='word_1_477' title='bbox 1205 2853 1276 2901; x_wconf 76' lang='lat' dir='ltr'><strong>ibi,</strong></span> <span class='ocrx_word' id='word_1_478' title='bbox 1296 2853 1333 2900; x_wconf 86' lang='lat'><strong>2,</strong></span> <span class='ocrx_word' id='word_1_479' title='bbox 1357 2853 1392 2902; x_wconf 86' lang='grc'>7,</span> <span class='ocrx_word' id='word_1_480' title='bbox 1414 2853 1451 2892; x_wconf 72' lang='lat' dir='ltr'><strong>S.</strong></span> <span class='ocrx_word' id='word_1_481' title='bbox 1466 2852 1862 2904; x_wconf 65' lang='lat' dir='ltr'><strong>——c1m‘dageretur,</strong></span> 
     </span>
     <span class='ocr_line' id='line_1_70' title="bbox 1018 2909 1864 2960; baseline 0.002 -12"><span class='ocrx_word' id='word_1_482' title='bbox 1018 2921 1106 2948; x_wconf 84' lang='lat' dir='ltr'><strong>was</strong></span> <span class='ocrx_word' id='word_1_483' title='bbox 1131 2909 1417 2960; x_wconf 73' lang='lat' dir='ltr'><strong>beabsichtigt</strong></span> <span class='ocrx_word' id='word_1_484' title='bbox 1439 2911 1598 2958; x_wconf 80' lang='lat' dir='ltr'><strong>werde,</strong></span> <span class='ocrx_word' id='word_1_485' title='bbox 1622 2910 1675 2949; x_wconf 89' lang='lat' dir='ltr'><strong>im</strong></span> <span class='ocrx_word' id='word_1_486' title='bbox 1702 2909 1864 2950; x_wconf 47' lang='lat' dir='ltr'><strong>&amp;Vei-ke</strong></span> 
     </span>
     <span class='ocr_line' id='line_1_71' title="bbox 1017 2966 1863 3020; baseline -0.006 -13"><span class='ocrx_word' id='word_1_487' title='bbox 1017 2967 1094 3007; x_wconf 89' lang='lat' dir='ltr'><strong>sei.</strong></span> <span class='ocrx_word' id='word_1_488' title='bbox 1118 2990 1170 2996; x_wconf 87' lang='lat'><em>-</em></span> <span class='ocrx_word' id='word_1_489' title='bbox 1192 2968 1368 3020; x_wconf 72' lang='lat' dir='ltr'><strong>pariter,</strong></span> <span class='ocrx_word' id='word_1_490' title='bbox 1390 2966 1863 3018; x_wconf 73' lang='lat' dir='ltr'><strong>gleich1niissig,39,4o,</strong></span> 
     </span>
     <span class='ocr_line' id='line_1_72' title="bbox 1019 3022 1863 3077; baseline -0.001 -15"><span class='ocrx_word' id='word_1_491' title='bbox 1019 3025 1062 3062; x_wconf 84' lang='lat'><strong>5:</strong></span> <span class='ocrx_word' id='word_1_492' title='bbox 1077 3022 1274 3064; x_wconf 76' lang='lat' dir='ltr'><strong>versatile</strong></span> <span class='ocrx_word' id='word_1_493' title='bbox 1289 3047 1309 3050; x_wconf 98' lang='lat'><em>-</em></span> <span class='ocrx_word' id='word_1_494' title='bbox 1321 3026 1485 3077; x_wconf 76' lang='lat' dir='ltr'><strong>pariter</strong></span> <span class='ocrx_word' id='word_1_495' title='bbox 1494 3023 1551 3063; x_wconf 83' lang='lat' dir='ltr'><strong>ad</strong></span> <span class='ocrx_word' id='word_1_496' title='bbox 1559 3027 1722 3064; x_wconf 77' lang='lat' dir='ltr'><strong>omnia:</strong></span> <span class='ocrx_word' id='word_1_497' title='bbox 1742 3025 1782 3074; x_wconf 91' lang='lat'><strong>3,</strong></span> <span class='ocrx_word' id='word_1_498' title='bbox 1795 3025 1863 3073; x_wconf 78' lang='lat'><strong>22,</strong></span> 
     </span>
     <span class='ocr_line' id='line_1_73' title="bbox 1018 3081 1862 3131; baseline -0.002 -10"><span class='ocrx_word' id='word_1_499' title='bbox 1018 3083 1043 3121; x_wconf 76' lang='grc' dir='ltr'>ὓ</span> <span class='ocrx_word' id='word_1_500' title='bbox 1065 3095 1104 3122; x_wconf 91' lang='lat' dir='ltr'><strong>u.</strong></span> <span class='ocrx_word' id='word_1_501' title='bbox 1125 3082 1280 3120; x_wconf 88' lang='lat' dir='ltr'><strong>o.ohne</strong></span> <span class='ocrx_word' id='word_1_502' title='bbox 1302 3093 1389 3130; x_wconf 82' lang='lat' dir='ltr'><strong>ac.;</strong></span> <span class='ocrx_word' id='word_1_503' title='bbox 1415 3081 1634 3131; x_wconf 73' lang='lat' dir='ltr'>vgl.&#39;a&#39;‚33‚</span> <span class='ocrx_word' id='word_1_504' title='bbox 1663 3081 1862 3123; x_wconf 81' lang='lat' dir='ltr'><strong>1.—1ar-</strong></span> 
     </span>
     <span class='ocr_line' id='line_1_74' title="bbox 1014 3136 1860 3191; baseline -0.001 -14"><span class='ocrx_word' id='word_1_505' title='bbox 1014 3137 1337 3191; x_wconf 72' lang='lat' dir='ltr'><strong>3·ie12clo‚imieui</strong></span> <span class='ocrx_word' id='word_1_506' title='bbox 1350 3138 1417 3177; x_wconf 85' lang='lat' dir='ltr'><strong>die</strong></span> <span class='ocrx_word' id='word_1_507' title='bbox 1433 3140 1560 3178; x_wconf 82' lang='lat' dir='ltr'><strong>Beute</strong></span> <span class='ocrx_word' id='word_1_508' title='bbox 1573 3136 1641 3178; x_wconf 80' lang='lat' dir='ltr'><strong>fiir</strong></span> <span class='ocrx_word' id='word_1_509' title='bbox 1652 3139 1728 3177; x_wconf 72' lang='lat' dir='ltr'><strong>den</strong></span> <span class='ocrx_word' id='word_1_510' title='bbox 1742 3139 1860 3178; x_wconf 70' lang='lat' dir='ltr'><strong>Stant</strong></span> 
     </span>
     <span class='ocr_line' id='line_1_75' title="bbox 1021 3193 1860 3239; baseline -0.001 -5"><span class='ocrx_word' id='word_1_511' title='bbox 1021 3193 1217 3235; x_wconf 74' lang='lat' dir='ltr'><strong>verkauft</strong></span> <span class='ocrx_word' id='word_1_512' title='bbox 1238 3196 1410 3235; x_wconf 79' lang='lat' dir='ltr'><strong>werden</strong></span> <span class='ocrx_word' id='word_1_513' title='bbox 1428 3195 1598 3235; x_wconf 81' lang='lat' dir='ltr'><strong>konnte.</strong></span> <span class='ocrx_word' id='word_1_514' title='bbox 1613 3219 1664 3224; x_wconf 90' lang='lat'><strong>-—</strong></span> <span class='ocrx_word' id='word_1_515' title='bbox 1682 3199 1797 3234; x_wconf 78' lang='lat' dir='ltr'><strong>tanta</strong></span> <span class='ocrx_word' id='word_1_516' title='bbox 1814 3210 1860 3239; x_wconf 72' lang='lat' dir='ltr'><strong>r..</strong></span> 
     </span>
    </p>
   </div>
  </div>
 </body>
</html>
