2221 3537
140 263 176 286 a.
192 251 261 286 ch.
286 252 366 285 449.

711 234 870 277 LIBER
902 233 969 276 m.
1020 234 1138 275 CAP.
1163 234 1231 276 61.
1262 235 1328 276 62.

1806 234 1895 284 121

138 368 383 435 periundo
409 365 739 417 adsuefecerat
777 362 867 412 sibi
904 362 1066 427 potius
1095 362 1245 411 fidere
1280 377 1423 425 quam
1452 363 1735 411 meminisse
1762 362 1904 426 igno-

140 438 320 489 minine
360 436 746 487 decemvirorum
793 434 938 482 ductu
981 439 1228 497 acceptae3
1264 447 1505 496 parvaque
1550 434 1809 482 certamina
1854 433 1902 481 in

140 523 382 560 summam
408 508 558 556 totius
587 504 893 571 profecerant
918 504 1038 568 spei.
1090 517 1181 551 nec
1207 502 1463 552 cessabant
1491 503 1678 561 Sabini,
1713 505 1902 552 seroces
1941 511 1991 553 13

135 579 196 630 ab
222 593 275 629 re
301 577 463 643 priore
490 591 618 626 anno
647 576 771 625 bene
798 582 947 638 gesta,
976 574 1212 623 lacessere
1239 581 1379 638 atque
1414 573 1592 621 instare
1621 575 1902 636 rogitantes,

135 648 250 715 quid
285 647 521 698 latrocinii
550 647 697 696 modo
727 652 1073 710 procursantes
1102 645 1242 709 pauci
1270 652 1670 707 recurrentesque
1698 652 1905 693 tererent

133 727 353 785 tempus,
389 725 436 768 et
468 718 514 767 in
551 718 701 767 multa
738 716 916 781 proelia
940 731 1181 780 parvaque
1208 722 1461 779 carperent
1487 730 1728 762 summam
1758 715 1903 763 unius

133 787 280 840 belli?
319 790 436 854 quin
471 789 535 838 illi
571 789 984 852 congrederentur
1012 787 1133 845 acie,
1171 785 1597 849 inclinandamque
1625 785 1772 833 semel
1801 785 1902 833 sor-
1945 798 1993 837 14

135 868 280 911 tunae
312 875 414 910 rem
442 857 646 909 darent?
684 859 754 908 Ad
785 859 845 917 id,
873 858 1001 922 quod
1031 873 1114 906 sua
1144 864 1322 921 sponte
1348 856 1465 906 satis
1497 856 1765 905 conlectum
1795 856 1901 904 ani-
1937 858 2006 906 62

135 946 332 982 morum
367 938 486 989 erat,
526 930 810 994 indignitate
845 931 987 978 etiam
1017 929 1222 978 Romani
1260 927 1668 977 accendebantur:
1706 927 1798 975 iam
1835 927 1906 975 al-

134 1009 292 1052 terum
329 1003 591 1051 exercitum
638 1001 868 1050 victorem
907 1001 955 1048 in
990 1000 1157 1049 urbem
1194 1000 1488 1057 rediturum,
1533 999 1622 1047 sibi
1660 999 1784 1047 ultro
1821 1012 1907 1061 per

136 1072 454 1123 contumelias
506 1073 699 1121 hostem
745 1071 991 1120 insultare.
1053 1071 1248 1135 quando
1285 1078 1443 1119 autem
1483 1086 1555 1127 se,
1585 1069 1624 1117 si
1664 1077 1765 1118 tum
1804 1082 1905 1117 non

137 1144 258 1202 sint,
286 1159 426 1208 pares
461 1143 684 1192 hostibus
722 1140 866 1191 fore?
903 1142 980 1190 ubi
1016 1142 1133 1190 haec
1172 1142 1375 1189 fremere
1405 1140 1605 1189 militem
1648 1140 1694 1188 in
1733 1140 1904 1188 castris
1941 1149 1964 1189 2

135 1215 308 1264 consul
344 1215 513 1268 sensit,
552 1214 781 1262 contione
817 1212 1043 1260 advocata
1082 1227 1258 1275 „quem
1297 1211 1354 1259 ad
1384 1211 1617 1259 modum⁶⁶
1646 1210 1799 1274 inquit
1828 1210 1904 1267 „in

132 1284 303 1349 Algido
333 1299 414 1332 res
440 1291 572 1347 gesta
599 1284 676 1340 sit,
705 1283 915 1331 arbitror
940 1298 1043 1338 vos,
1073 1281 1264 1339 militeS,
1291 1281 1500 1331 audisse.
1555 1281 1741 1344 qualem
1771 1280 1906 1328 liberi

134 1354 303 1421 populi
332 1355 596 1403 exercitum
626 1354 785 1402 decuit
812 1369 936 1409 esse,
967 1353 1073 1401 talis
1101 1352 1204 1401 fuit.
1258 1351 1460 1400 consilio
1486 1352 1706 1415 collegae,
1734 1351 1907 1399 virtute

134 1426 340 1476 militum
375 1426 572 1474 victoria
602 1431 738 1489 parta
772 1431 859 1472 est.
922 1424 1053 1488 quod
1090 1423 1147 1472 ad
1176 1439 1254 1471 nie
1281 1423 1472 1480 attinet,
1509 1422 1554 1472 id
1585 1422 1772 1472 consilii
1802 1421 1905 1469 ani·
1943 1430 1967 1469 3

134 1496 298 1562 mique
333 1496 587 1546 habiturus
628 1511 762 1554 sum,
793 1496 925 1558 quod
953 1511 1039 1544 vos
1074 1494 1192 1543 mibi
1220 1494 1449 1543 feceritis,
1514 1501 1561 1542 et
1586 1493 1710 1542 trahi
1732 1493 1908 1541 bellum

138 1649 183 1677 es
213 1643 333 1677 sons!
362 1636 475 1676 nicht
503 1637 630 1677 leicbt
665 1649 710 1676 so
750 1636 977 1686 gebraucbt

135 1694 255 1742 wird,
279 1694 443 1733 bezieht
467 1694 608 1733 Duker
630 1692 884 1744 sufficiendo
908 1690 983 1732 auf

135 1750 202 1791 die
237 1749 459 1790 Soldaten:
498 1763 590 1790 curn
628 1749 818 1789 viderent
853 1763 899 1789 se
934 1752 976 1788 in

135 1807 462 1847 excursionibus
510 1807 717 1860 sufficere
764 1809 806 1846 et
851 1819 980 1860 pares

135 1877 228 1904 esse
247 1864 370 1915 hosti,
390 1864 587 1902 wodurcb
608 1863 710 1902 aber
726 1862 980 1917 sufficiendo

135 1933 217 1959 von
273 1920 531 1975 experiendo
584 1925 781 1970 getrennt
822 1920 979 1959 wiirde.

137 1975 307 2027 Madvig
328 1989 456 2016 verm.
482 1976 731 2028 subigendo,
761 1989 794 2015 s.
820 1976 887 2025 42,
912 1976 979 2025 52,

142 2033 208 2083 10,
238 2034 317 2073 wie
345 2034 448 2072 auch
480 2032 637 2073 Nonius
670 2046 705 2085 p.
738 2032 814 2071 521
850 2033 980 2085 suffi-

141 2091 260 2130 m‘nnt
281 2089 515 2129 verdorben
547 2090 721 2129 sebeint.
769 2088 869 2128 Zum
894 2089 979 2130 Ge-

139 2147 297 2186 danken
330 2146 412 2196 vgl.
441 2146 481 2197 4,
512 2146 579 2196 27,
608 2146 655 2193 53
681 2145 726 2195 3,
751 2145 816 2196 26,
839 2145 886 2194 2;
913 2146 980 2196 22,

142 2203 213 2256 12,
262 2203 312 2242 10
350 2216 390 2243 u.
428 2216 465 2243 u.
502 2226 557 2232 —-
602 2205 783 2255 ignora,
829 2216 863 2242 c.
910 2202 978 2242 42.

136 2282 194 2289 -
215 2273 430 2300 summam
456 2263 529 2299 tot.
553 2273 632 2313 sp„
656 2260 721 2298 die
746 2259 980 2298 Gesammt-

137 2316 223 2357 heit
241 2317 316 2356 der
334 2316 552 2366 Hoffnnng,
577 2317 612 2355 d.
635 2317 672 2355 b.
691 2316 796 2355 alles
815 2317 982 2365 dessen,

138 2386 225 2414 was
247 2386 337 2413 man
361 2374 399 2413 in
422 2374 512 2413 dem
533 2371 685 2423 liriege
708 2372 849 2422 holl'te,
872 2385 906 2411 s.
931 2386 981 2411 zu

138 2429 208 2481 29,
249 2430 313 2480 10,
354 2431 391 2470 7.
442 2428 497 2469 lm
531 2429 646 2480 Folg.
679 2443 848 2469 summa
878 2429 982 2481 belli,

139 2487 206 2526 die
242 2486 554 2537 Entscheidung
589 2487 660 2526 des
697 2484 909 2540 fflumpfes,
947 2499 981 2525 s.

139 2542 207 2594 29,
237 2544 276 2590 4,
314 2542 353 2583 3.
390 2565 446 2573 —-
479 2544 770 2596 profecerant,
807 2557 851 2583 es
894 2555 983 2581 war

139 2598 222 2638 viel
244 2596 312 2639 fiir
334 2600 520 2639 dieselbe
544 2612 788 2651 gewonnen,
819 2600 887 2650 31,
913 2599 982 2650 37,

141 2656 187 2696 5:
215 2669 297 2696 non
319 2658 359 2695 in
375 2659 616 2710 praesentis
636 2657 760 2697 modo
783 2659 980 2697 certami-

139 2714 208 2752 nis
226 2712 416 2765 gloriam
443 2712 520 2752 sed
539 2716 582 2751 in
611 2727 823 2754 summam
853 2717 979 2754 etiam

142 2768 239 2809 belli
249 2770 491 2823 profectum
509 2773 615 2809 erat.

203 2825 353 2866 13-14.
376 2828 428 2866 ab
449 2839 496 2865 re
516 2832 610 2875 etc„
634 2825 713 2864 wie
731 2839 764 2865 c.
784 2825 853 2876 60,
871 2825 918 2874 23
938 2827 978 2877 4,

141 2880 212 2934 31,
231 2883 280 2931 93
299 2882 337 2930 3,
362 2883 424 2931 15,
443 2883 489 2931 7;
510 2884 546 2934 5,
567 2884 604 2929 5,
624 2882 647 2920 3
666 2895 704 2923 u.
723 2885 981 2937 o.—priore

142 2951 200 2989 a.,
222 2939 274 2979 im
298 2941 491 2990 vorlierg.
523 2940 661 2985 Jalire,
692 2939 791 2977 narb
816 2938 862 2978 L.
890 2939 980 2979 dem

143 2995 297 3036 dritten
350 2997 426 3036 der
478 2996 982 3045 Decemvirulregierung,

143 3053 234 3092 sind
263 3053 327 3093 die
358 3053 492 3093 Heerc
522 3053 862 3091 wnbrscheinlich
893 3058 983 3091 erst

144 3109 239 3161 aptit
258 3110 514 3160 ausgeriickt
536 3110 615 3148 und
637 3110 755 3159 lunge
780 3109 829 3147 im
856 3107 983 3148 Felde

143 3165 494 3216 zuriickgebalten
538 3167 721 3212 worden,
766 3178 799 3204 s.
836 3178 870 3204 c.
908 3164 984 3215 423

146 3220 223 3272 433
253 3221 329 3271 523
363 3224 436 3263 mit
461 3224 552 3263 dem
584 3223 746 3262 Antritt
775 3222 850 3260 der
871 3221 984 3260 Con-

146 3278 240 3318 suln
261 3291 324 3319 am
346 3279 408 3319 13.
431 3280 658 3320 December
679 3280 749 3318 bat
769 3279 832 3317 ein
857 3290 985 3317 neues

1067 1635 1169 1674 Jahr
1191 1634 1422 1685 begonnen,
1446 1648 1480 1673 c.
1512 1634 1579 1682 55,
1614 1634 1659 1682 13
1690 1634 1783 1673 bald
1815 1634 1911 1673 dar-

1068 1690 1143 1730 auf
1176 1692 1329 1730 kommt
1364 1692 1429 1730 die
1460 1691 1685 1731 Nacbricbt
1720 1704 1799 1729 von
1831 1691 1910 1730 den

1069 1747 1313 1798 Riistungeu
1334 1748 1408 1787 der
1430 1747 1601 1799 Feinde,
1633 1761 1666 1787 s.
1698 1761 1731 1787 c.
1763 1748 1830 1795 57,
1862 1746 1909 1795 83

1070 1805 1122 1844 im
1146 1803 1332 1855 Ansange
1361 1805 1434 1844 des
1464 1804 1686 1855 Friiblings
1717 1805 1912 1843 scheinen

1072 1862 1136 1901 die
1160 1860 1344 1901 Consuln
1374 1874 1639 1912 ausgezogen
1670 1874 1720 1900 zu
1747 1863 1857 1913 sein,
1887 1859 1914 1913 ξ

1074 1920 1118 1958 5:
1154 1921 1303 1972 paucis
1338 1922 1436 1958 ante
1471 1920 1711 1965 mensibus,
1757 1918 1840 1968 vgl.
1877 1931 1911 1956 c.

1072 1974 1125 2014 64
1144 2006 1154 2024 ,
1182 1976 1218 2014 7.
1243 1998 1297 2004 —
1319 1975 1488 2024 latroc„
1522 1975 1567 2022 2,
1592 1975 1658 2027 49,
1683 1975 1720 2013 5.
1738 1996 1794 2003 —
1815 1987 1909 2014 car·

1067 2035 1231 2087 perent,
1256 2045 1289 2070 c.
1315 2032 1360 2081 5,
1397 2032 1430 2071 1.
1452 2054 1508 2060 —
1528 2032 1590 2070 ιἸΙί
1609 2032 1721 2070 steht
1742 2031 1780 2070 in
1805 2037 1911 2070 orat.

1073 2089 1154 2128 obl.
1178 2094 1282 2128 statt
1310 2102 1384 2128 vos
1415 2090 1453 2128 in
1480 2094 1586 2127 orat.
1612 2094 1749 2138 recta,
1773 2088 1819 2137 4,
1842 2087 1909 2135 43,

1076 2145 1146 2184 11:
1185 2148 1283 2197 quin
1313 2145 1374 2184 illi
1400 2170 1422 2174 —
1455 2145 1704 2199 copularent
1739 2157 1912 2184 concor-

1073 2201 1208 2241 diam:
1233 2201 1309 2251 39,
1334 2201 1409 2254 32,
1437 2202 1648 2251 113Curt.
1674 2202 1718 2248 5,
1747 2201 1820 2250 19,
1848 2201 1911 2240 19.

1072 2281 1127 2287 -
1156 2257 1384 2299 inclinanti.
1415 2264 1517 2306 etc.‚
1553 2259 1643 2297 dem
1676 2257 1809 2297 Gliick
1845 2258 1912 2296 die

1075 2315 1384 2364 Entscbeidung
1414 2315 1513 2353 nach
1546 2315 1620 2353 der
1655 2315 1773 2353 einen
1812 2314 1914 2353 oder

1073 2372 1254 2410 anderen
1280 2371 1395 2410 Seite
1417 2371 1694 2410 iiberliessen.

1131 2421 1217 2468 (52.
1264 2427 1383 2467 1-3.
1414 2427 1470 2467 ad
1496 2427 1551 2475 id,
1583 2427 1714 2480 quod,
1738 2440 1772 2466 c.
1802 2427 1840 2475 7,
1863 2430 1909 2469 ὃς

1072 2486 1156 2536 vgl.
1178 2484 1243 2532 28,
1268 2486 1329 2532 15,
1350 2485 1454 2524 3.-
1471 2498 1552 2524 sna
1568 2499 1647 2539 sp„
1666 2497 1743 2522 von
1764 2484 1912 2534 selbst,

1073 2544 1177 2581 obne
1209 2542 1444 2592 Beziebung
1481 2539 1554 2580 auf
1585 2542 1648 2580 ein
1681 2541 1912 2579 wollendes

1072 2600 1174 2639 oder
1197 2598 1448 2638 bandelndes
1471 2598 1644 2649 Subject
1676 2598 1802 2636 findet
1825 2598 1912 2637 sich

1071 2654 1280 2696 mebrfacb
1305 2655 1367 2694 bei
1392 2655 1458 2704 L.,
1492 2668 1523 2695 s.
1548 2655 1622 2702 22,
1646 2654 1720 2704 38,
1749 2656 1817 2702 13;
1844 2654 1912 2704 27,

1076 2713 1140 2761 11,
1164 2713 1213 2761 3;
1245 2713 1311 2761 29,
1335 2712 1402 2761 24,
1427 2713 1472 2759 43
1507 2712 1544 2760 2,
1570 2711 1634 2762 23,
1658 2710 1680 2749 2
1705 2724 1744 2749 u.
1768 2724 1804 2750 a.
1849 2710 1912 2750 u!-

1073 2773 1159 2816 lro,
1185 2782 1311 2820 sogar
1333 2769 1456 2818 noch,
1488 2768 1737 2807 obendrein:
1759 2768 1911 2807 anders

1072 2827 1162 2866 sind
1188 2827 1305 2866 beide
1332 2825 1400 2870 10,
1439 2825 1510 2873 19,
1549 2826 1560 2864 l
1599 2836 1911 2872 zusammenge-

1073 2884 1204 2923 stellt.
1228 2883 1505 2935 ——secerite's,
1530 2883 1621 2921 cine
1640 2883 1792 2919 ande-re
1813 2879 1913 2918 Les-

1071 2946 1139 2980 art
1162 2941 1217 2979 ist
1238 2940 1393 2979 milites
1411 2942 1587 2990 gei-ilex,
1625 2939 1710 2982 die,
1748 2937 1841 2975 weil
1866 2949 1911 2975 es

1074 2997 1184 3036 nicht
1208 2996 1383 3049 passend
1407 2997 1579 3041 scbeint,
1604 2995 1699 3032 dass
1723 2993 1910 3032 dercon-

1074 3053 1136 3092 sul
1180 3053 1403 3093 consilium
1442 3066 1477 3090 n,
1511 3054 1679 3090 animus
1717 3063 1793 3087 von
1831 3050 1908 3088 den

1075 3109 1270 3150 Soldaten
1308 3110 1495 3148 erhalten
1540 3108 1644 3157 will,
1689 3107 1760 3145 mit
1802 3107 1911 3145 Aus-

1075 3166 1238 3205 scbluss
1255 3180 1333 3205 von
1353 3165 1520 3207 volites,
1545 3178 1572 3200 u
1586 3164 1724 3201 eli-bes
1741 3163 1778 3200 in
1798 3163 1910 3201 meb-

1076 3235 1197 3262 reren
1224 3222 1315 3262 llss.
1341 3221 1462 3268 fehlt,
1488 3221 1601 3259 xiell.
1629 3219 1910 3259 vorzuzieheu

1076 3279 1153 3332 ist,
1189 3279 1273 3330 vgl.
1296 3278 1371 3327 37,
1410 3279 1483 3325 5⁴,
1513 3276 1587 3315 24:
1620 3274 1910 3316 Graec-uuam
