2221 3537
182 1773 230 1812 10

267 231 334 280 92
828 228 985 270 LIBER
1016 229 1096 272 ΙΙΙ.
1143 229 1259 271 CAP.
1281 229 1349 271 46.
1371 231 1441 271 47.
1780 276 1800 295 ·
1819 250 1852 273 a.
1879 251 1914 274 u.
1939 243 2017 276 805.

266 355 358 404 nisi
387 363 522 421 pater
547 363 745 420 postero
774 357 848 405 die
874 357 1120 415 adfuisset,
1149 357 1430 406 denuntiare
1455 373 1507 406 se
1533 356 1664 406 Icilio
1686 356 2021 422 similibusque
2078 390 2086 395 -

266 426 404 486 Icilii,
438 442 592 491 neque
617 427 706 490 legi
741 443 854 476 suae
880 428 1082 476 latorem
1108 443 1264 491 neque
1289 428 1558 476 decemviro
1587 427 1908 477 constantiam
1934 428 2019 476 de-

266 498 395 555 fore3
431 513 519 548 nec
553 513 605 545 se
639 498 800 562 utique
836 499 1120 562 collegarum
1160 499 1352 547 lictores
1388 504 1763 547 convocaturum
1791 498 1850 546 ad
1879 512 2018 546 cocr-

269 568 449 616 cendos
488 568 738 617 seditionis
782 575 1028 626 auctores;
1064 575 1347 617 contentum
1386 585 1438 617 se
1478 568 1579 618 suis
1615 567 1861 617 lictoribus
1897 567 2017 616 fore.

268 653 376 686 cum
423 638 618 687 dilatum
664 646 858 702 tempus
910 639 1109 687 iniuriae
1153 646 1303 695 esset,
1347 639 1762 702 secessissentque
1803 638 2017 687 advocati

266 709 476 771 puellae,
514 709 691 771 placuit
724 709 942 757 omnium
973 709 1183 772 primum
1212 710 1408 758 fratrem
1436 709 1550 758 lcilii
1578 710 1822 772 filiumque
1847 708 2022 757 Numi-

266 779 394 832 torii,
421 780 639 842 inpigros
666 779 876 834 iuvenes,
907 795 1105 842 pergere
1130 780 1240 828 inde
1260 786 1386 827 recta
1408 780 1463 827 ad
1488 785 1695 842 portam,
1721 786 1768 826 et
1787 783 2019 840 quantum

267 849 519 897 accelerari
553 855 741 911 posset,
772 849 1048 911 Verginium
1078 850 1217 897 acciri
1245 865 1270 897 e
1297 849 1491 897 castris:
1527 849 1575 896 in
1612 863 1668 896 eo
1695 848 1812 896 verti
1839 847 2021 912 puellae

268 919 498 975 salutem,
527 919 566 965 si
595 925 792 981 postero
821 919 895 966 die
923 920 1094 968 vindex
1121 920 1324 967 iniuriae
1350 919 1405 966 ad
1433 926 1627 982 tempus
1654 924 1847 981 praesto
1874 925 2018 966 esset.

267 990 384 1037 iussi
409 997 628 1052 pergunt,
650 989 899 1051 citatisque
919 990 1054 1051 equis
1076 989 1301 1037 nuntium
1323 989 1380 1037 ad
1403 996 1585 1051 patrem
1609 987 1870 1052 perferunt.
1911 991 2028 1037 cum·

266 1061 467 1107 instaret
492 1059 712 1106 adsertor
736 1058 933 1122 puellae,
959 1066 1013 1107 ut
1040 1059 1301 1107 vindicaret
1322 1074 1687 1122 sponsoresque
1709 1059 1855 1116 daret,
1881 1064 2022 1122 atque

266 1130 311 1178 id
342 1130 502 1192 ipsum
539 1129 611 1192 agi
640 1129 821 1177 diceret
854 1129 1036 1185 IciliuS,
1075 1130 1242 1178 sedulo
1270 1136 1462 1192 tempus
1488 1135 1666 1187 terem,
1694 1129 1807 1177 dum
1835 1128 2023 1192 praeci-

267 1207 437 1263 perent
471 1200 560 1247 iter
596 1199 752 1247 nuntii
790 1199 925 1247 missi
953 1199 1000 1247 in
1029 1207 1206 1258 castra,
1233 1215 1405 1248 manus
1427 1199 1592 1248 tollere
1617 1199 1831 1262 undique
1857 1197 2021 1246 multi-

266 1270 410 1327 tud0,
447 1278 493 1318 et
536 1286 587 1318 se
623 1271 825 1333 quisque
859 1277 1079 1333 paratum
1116 1271 1171 1318 ad
1207 1270 1549 1333 spondendum
1583 1270 1712 1318 Icilio
1750 1269 2021 1317 ostendere.

269 1348 410 1403 atque
447 1341 520 1388 ille
559 1340 950 1388 lacrimabundus
981 1348 1201 1403 „gratum
1231 1346 1334 1388 est“
1363 1340 1540 1403 iuquit,
1567 1340 1809 1398 „crastina
1838 1338 1913 1387 die
1938 1354 2022 1386 ve-

271 1418 366 1459 stra
395 1426 540 1474 opera
569 1419 691 1465 utar,
720 1425 1017 1472 sponsorum
1046 1426 1178 1459 nunc
1205 1411 1323 1459 satis
1353 1416 1480 1459 est.“
1527 1410 1589 1458 ita
1617 1410 1885 1458 vindicatur
1903 1407 2022 1456 Ver—

268 1481 390 1544 ginia
428 1481 783 1543 spondentibus
822 1481 1121 1544 propinquis.
1184 1481 1370 1544 Appius
1406 1480 1647 1544 paulisper
1681 1485 1926 1536 moratuS‚
1963 1493 2031 1532 ne„

268 1552 369 1599 eius
407 1551 476 1599 rei
514 1566 653 1599 causa
695 1550 877 1598 sedisse
912 1550 1176 1606 videretur,
1215 1557 1475 1613 postquam
1515 1549 1710 1598 omissis
1748 1549 1890 1597 rebus
1917 1548 2020 1597 aliis

269 1636 382 1684 prae
420 1637 529 1670 cura
561 1621 701 1669 unius
728 1635 872 1668 nemo
902 1621 1081 1677 adibat,
1120 1621 1318 1669 domum
1348 1637 1398 1668 se
1424 1621 1628 1684 recepit,
1660 1619 1948 1682 collegisque
1974 1619 2020 1667 in

269 1698 423 1740 castra
451 1691 640 1749 scribit,
676 1707 736 1739 ne
763 1691 985 1753 Verginio
1014 1698 1334 1740 commeatum
1372 1691 1485 1739 dent
1519 1697 1658 1754 atque
1693 1690 1834 1738 etiam
1862 1689 1909 1737 in
1938 1683 2022 1738 cu·

268 1762 422 1810 stodia
456 1762 674 1810 habeant.
731 1761 994 1824 inprobum
1030 1762 1283 1810 consilium
1320 1777 1507 1820 serum,
1544 1766 1597 1809 ut
1631 1759 1815 1816 debuit,
1850 1759 1954 1817 fuit,
1976 1766 2023 1807 et

269 1834 359 1880 iam
404 1841 676 1881 commeatu
722 1839 917 1894 sumpto
956 1833 1202 1895 profectus
1242 1832 1488 1895 Verginius
1527 1831 1678 1894 prima
1713 1829 1866 1893 vigilia
1901 1835 2016 1884 erat,

270 1919 377 1951 cum
415 1911 611 1966 postero
646 1903 720 1950 die
755 1917 892 1950 mane
921 1903 977 1950 de
1010 1903 1262 1951 retinendo
1300 1918 1355 1949 eo
1384 1902 1674 1965 nequiquam
1701 1900 1884 1948 litterae
1909 1899 2022 1948 red-

267 1974 463 2022 duntur.

412 2044 472 2091 At
518 2043 565 2090 in
607 2042 724 2091 urbe
767 2043 920 2105 prima
964 2043 1068 2090 luce
1106 2057 1214 2090 cum
1251 2042 1414 2090 civitas
1453 2042 1501 2090 in
1537 2040 1646 2089 foro
1693 2038 2021 2103 expectatione

267 2120 421 2162 erecta
452 2120 621 2170 staret,
658 2113 909 2175 Verginius
948 2113 1225 2161 sordidatus
1262 2113 1404 2160 liliam
1441 2127 1602 2159 secum
1639 2111 1856 2159 obsoleta
1892 2115 2021 2158 veste

265 2185 607 2233 comitantibus
637 2183 817 2246 aliquot
853 2183 1089 2231 matronis
1127 2199 1234 2232 cum
1263 2182 1442 2245 ingenti
1464 2181 1773 2230 advocatione
1793 2181 1841 2228 in
1861 2179 2022 2228 forum

262 2365 336 2392 uec
356 2376 384 2380 —
404 2355 522 2405 utiq„
545 2365 648 2402 ganz
672 2366 708 2392 u.
733 2365 807 2402 gar
829 2353 952 2403 nicht,
976 2364 1008 2390 s.
1031 2351 1098 2402 28,

261 2411 329 2457 39,
354 2409 391 2447 8.

320 2466 416 2503 6-7.
457 2478 624 2515 secess.,
661 2477 725 2502 um
763 2465 848 2503 sich
888 2477 937 2502 zu
976 2464 1097 2502 bera-

264 2522 374 2559 then.
397 2544 447 2548 —-
480 2521 634 2559 vindea-
662 2522 748 2569 ini„
779 2521 969 2569 dadurcli,
1002 2521 1095 2558 dass

264 2590 310 2614 er
346 2577 477 2615 selbst
523 2578 598 2614 den
637 2575 1094 2625 Vindicationsprocess

263 2638 442 2671 antreie.
474 2654 527 2659 —
556 2635 747 2678 instaret,
779 2645 824 2669 er
853 2632 936 2669 will
961 2632 1096 2669 sicher

261 2689 433 2739 gestellt
455 2689 556 2735 sein,
579 2689 674 2726 dass
698 2687 890 2735 Verginia
914 2700 989 2725 vor
1013 2687 1093 2725 Ge-

263 2746 368 2783 richt
391 2746 624 2794 erscheinc,
660 2744 763 2781 nicht
788 2744 849 2781 als
880 2743 928 2781 ob
960 2757 1005 2781 er
1034 2744 1093 2782 sie

264 2801 467 2847 vorl’a‘ufig
506 2801 567 2839 als
611 2801 696 2838 sein
736 2799 980 2846 Eigenthum
1025 2800 1094 2837 be-

263 2859 482 2903 trachiae,
518 2855 542 2908 ξ
576 2856 613 2895 3.
652 2879 703 2883 -
735 2869 1001 2909 sponsorem.
1039 2856 1093 2905 d.,

262 2915 334 2952 das
357 2914 515 2960 einzigc
541 2912 674 2951 Mitte!
694 2925 755 2949 um
781 2914 851 2950 das
882 2912 1094 2952 vindicare

262 2984 312 3008 zu
336 2970 568 3008 bewirkcn:
592 2969 655 3006 (lie
673 2982 899 3020 spons-ures
919 2969 1093 3007 verbiir-

262 3040 338 3074 gen
365 3028 448 3065 sich
481 3027 569 3063 eine
595 3025 827 3063 hestiiumte
851 3026 1012 3063 Summe
1042 3039 1091 3063 zu

261 3082 430 3129 zahlen,
471 3094 588 3119 wenn
633 3081 825 3129 Verginia
869 3082 978 3119 nicht
1020 3095 1094 3120 vor

262 3139 432 3177 Gericht
455 3139 676 3183 erseheint,
706 3138 784 3175 und
810 3138 897 3175 sind
923 3138 995 3175 init
1016 3138 1090 3175 den

260 3195 436 3247 praedes
457 3194 544 3233 litis
574 3198 615 3233 et
642 3193 929 3242 vindiciarum,
961 3207 993 3231 c..
1025 3194 1090 3240 44,

262 3253 299 3301 5,
346 3252 500 3291 welche
551 3257 639 3289 erst
689 3250 860 3299 gestent
911 3250 1092 3300 werden,

1188 2362 1306 2388 wenn
1344 2349 1408 2388 die
1445 2348 1660 2387 wirkliche
1689 2348 1910 2388 vindicatio
1949 2348 2021 2389 be-

1188 2418 1348 2456 gonnen
1381 2406 1469 2454 liat,
1501 2405 1611 2443 nicht
1640 2418 1690 2442 zu
1721 2405 2019 2451 vei-wechselm

1187 2462 1269 2509 vgl.
1296 2474 1328 2500 c.
1355 2461 1418 2510 45,
1443 2463 1480 2500 3.
1504 2483 1558 2489 -
1584 2463 1894 2514 praeciperent,
1923 2462 2019 2500 weil

1189 2519 1248 2556 sie
1278 2517 1574 2563 voraussahcn,
1605 2518 1699 2555 dass
1730 2518 1832 2556 auch
1862 2517 2018 2570 Appius

1188 2574 1314 2612 Boten
1339 2573 1583 2611 alischicken
1604 2574 1757 2612 werde.

1244 2630 1337 2668 5-9.
1370 2634 1451 2682 atq.
1489 2630 1567 2678 ille,
1604 2630 1681 2668 und
1720 2642 1780 2679 so,
1818 2630 1857 2668 in
1888 2628 2018 2678 Folge

1186 2687 1334 2726 (lovon.
1358 2708 1410 2714 —
1434 2687 1523 2725 eius
1546 2699 1584 2724 n.
1607 2688 1744 2725 auius.
1768 2707 1822 2714 —
1843 2684 2017 2733 sedisse,

1187 2744 1260 2781 der
1288 2743 1572 2789 gcw'ohnliche
1594 2741 1815 2780 Ausdruck
1846 2740 1912 2782 ffir
1940 2741 2016 2780 den

1186 2799 1425 2846 magistrat,
1468 2800 1543 2837 der
1580 2795 1654 2836 auf
1689 2798 1778 2836 dem
1819 2796 2018 2836 Tribunal

1186 2856 1346 2893 sitzend
1390 2854 1517 2893 Reclit
1565 2854 1734 2904 spriclit.
1770 2876 1824 2881 —
1861 2852 2016 2902 adibat,

1185 2913 1329 2950 suclite
1362 2910 1492 2950 Recht
1524 2910 1586 2948 bei
1617 2910 1708 2949 ihm.
1742 2932 1795 2937 —
1821 2911 1947 2960 atque
1976 2922 2014 2948 n.

1184 2972 1244 3015 ut,
1266 2968 1369 3006 iiber
1390 2971 1513 3018 atque
1535 2966 1601 3013 25,
1623 2964 1689 3014 22,
1712 2964 1782 3012 133
1807 2964 1872 3010 28,
1892 2964 1957 3014 25,
1979 2964 2014 3004 1.

1241 3017 1325 3064 47.
1364 3024 1398 3064 1.
1429 3036 1584 3067 secum,
1608 3021 1672 3070 35,
1697 3021 1734 3069 8,
1764 3021 1808 3059 5:
1839 3020 2015 3060 deduce-

1184 3084 1249 3120 ret
1270 3093 1363 3119 eam
1394 3092 1532 3119 sec-mn
1557 3077 1748 3117 Romam.
1771 3099 1825 3106 —
1855 3080 2015 3117 matro-

1182 3140 1260 3183 m's,
1292 3136 1449 3174 welche
1479 3136 1686 3182 bezeugen
1727 3133 1882 3181 sonan,
1919 3133 2013 3172 dass

1184 3191 1378 3241 Verginia
1410 3192 1518 3230 nicht
1544 3189 1899 3237 untergeschoben
1939 3189 2014 3229 sei.

1182 3271 1235 3276 —
1258 3249 1539 3298 advocatione,
1561 3244 1748 3298 Zunipt§
1772 3244 1865 3285 675.
