2221 3537
718 240 876 283 LIBER
908 240 975 283 111.
1035 240 1153 281 CAP.
1178 241 1245 282 52.
1278 241 1346 282 53.

150 266 184 290 ι.
203 255 272 290 ch.
289 257 368 290 449.
1820 241 1917 291 103

148 373 379 432 videatur,
404 372 454 422 in
475 375 719 450 potestate
746 374 938 434 patrum
968 368 1241 418 adfirmant.
1293 369 1339 417 id
1366 370 1516 418 modo
1539 370 1682 420 simul
1705 376 1846 420 orant
1864 386 1918 419 ac
1959 375 2001 416 ¹1

149 450 368 503 monent,
393 449 449 492 ut
473 441 594 506 ipsis
621 439 680 489 ab
703 440 879 489 invidia
901 447 1138 499 caveatur,
1167 454 1258 488 nec
1278 455 1368 488 suo
1392 441 1627 529 sanguine
1649 442 1704 489 ad
1728 441 1915 506 suppli-

149 514 220 565 cia
246 520 437 579 patrum
467 511 653 576 plebem
681 511 1027 560 adsuefaciant.

288 583 413 633 Tum
451 582 664 631 Valerius
700 581 1028 646 Horatiusque
1061 581 1199 630 missi
1234 580 1291 630 ad
1322 580 1511 644 plebem
1541 581 1910 631 condicionibus
1949 580 2016 630 53

146 654 326 720 quibus
370 653 611 702 videretur
644 653 969 702 revocandam
1009 651 1455 716 conponendasque
1495 667 1597 709 res,
1635 652 1916 701 decemviris

147 739 343 790 quoque
375 723 434 774 ab
462 724 530 773 ira
557 731 605 773 et
630 723 815 788 impetu
844 722 1167 772 multitudinis
1190 738 1474 786 praecavere
1502 722 1745 771 iubentur.
1799 738 1914 786 pro·
1956 727 1979 767 2

146 795 258 846 fecti
285 795 460 860 gaudio
489 795 670 860 ingenti
698 794 850 859 plebis
878 794 926 843 in
956 801 1109 844 castra
1138 793 1459 858 accipiuntur,
1488 793 1669 857 quippe
1689 793 1915 842 liberato—

145 882 224 918 res
251 867 379 917 haud
407 865 550 916 dubie
575 873 624 915 et
649 873 814 915 motus
843 865 978 914 initio
1006 871 1051 914 et
1076 865 1203 914 exitu
1226 865 1309 912 rei.
1355 864 1417 913 ob
1441 865 1558 913 haec
1578 864 1636 912 iis
1657 863 1917 913 advenien-

147 937 277 987 tibus
314 937 491 1002 gratiae
527 944 674 986 actae.
728 937 886 986 Icilius
923 952 1013 1001 pro
1055 935 1368 985 multitudine
1408 935 1550 984 verba
1584 935 1711 984 facit.
1773 935 1915 990 idem,
1956 941 1978 979 3

147 1023 258 1058 cum
285 1008 344 1057 de
371 1008 742 1057 condicionibus
770 1015 1004 1071 ageretur,
1033 1007 1378 1072 quaerentibus
1406 1006 1574 1070 legatis
1602 1022 1725 1070 quae
1746 1013 1918 1071 postu-

145 1079 236 1129 lata
263 1078 416 1144 plebis
443 1085 626 1138 essent,
654 1079 914 1143 conposito
943 1079 1035 1128 iam
1065 1086 1174 1127 ante
1201 1078 1457 1127 adventum
1493 1078 1759 1141 legatorum
1796 1091 1916 1125 con-

148 1149 257 1199 silio
285 1166 336 1199 ea
365 1149 644 1214 postulavit,
675 1157 726 1198 ut
751 1156 1007 1214 appareret
1032 1150 1081 1197 in
1104 1148 1343 1212 aequitate
1369 1164 1532 1197 rerum
1561 1148 1670 1212 plus
1697 1164 1841 1212 quam
1869 1148 1916 1196 in

146 1220 294 1270 armis
321 1221 492 1284 reponi
515 1220 634 1285 spei.
682 1227 972 1284 potestatem
996 1220 1124 1268 enim
1148 1218 1458 1268 tribuniciam
1482 1220 1915 1282 provocationem·
1952 1225 1978 1264 4

146 1306 238 1356 que
263 1290 566 1356 repetebant,
605 1305 725 1354 quae
751 1297 862 1339 ante
889 1290 1191 1339 decemviros
1219 1295 1410 1338 creatos
1437 1289 1605 1338 auxilia
1632 1288 1784 1353 plebis
1811 1289 1918 1338 fue-

146 1368 277 1422 rant,
306 1367 356 1410 et
381 1377 441 1410 ne
468 1362 543 1411 cui
570 1361 727 1411 fraudi
755 1368 887 1410 esset
915 1360 1138 1410 concisse
1164 1360 1340 1409 milites
1368 1367 1450 1409 aut
1475 1359 1664 1424 plebem
1692 1360 1750 1409 ad
1778 1375 1918 1424 repe-

145 1433 341 1482 tendam
387 1448 474 1498 per
514 1432 844 1482 secessionem
881 1432 1166 1482 libertatem.
1240 1431 1299 1480 de
1335 1431 1721 1480 decemvirorum
1767 1431 1916 1479 modo
1956 1435 1980 1475 5

147 1503 386 1569 supplicio
416 1511 554 1553 atrox
582 1504 881 1568 postulatum
903 1504 1018 1553 fuit:
1055 1503 1162 1552 dedi
1191 1503 1371 1566 quippe
1397 1518 1481 1550 eos
1510 1518 1717 1566 aequum
1748 1517 1919 1550 cense-

146 1574 287 1635 bant.
332 1576 560 1639 vivosque
604 1575 701 1639 igni
749 1581 1152 1624 concrematuros
1183 1573 1508 1623 minabantur.
1570 1573 1711 1636 legati
1745 1573 1803 1621 ad
1840 1589 1916 1622 ea:
1955 1574 1980 1614 6

147 1661 301 1711 „quae
328 1646 517 1695 consilii
543 1646 764 1705 fuerunt,
790 1646 909 1695 adeo
938 1661 1086 1710 aequa
1114 1645 1413 1710 postulastiS‚
1439 1651 1493 1693 ut
1520 1644 1645 1692 ultro
1667 1643 1804 1692 vobis
1833 1645 1916 1692 de-

144 1717 343 1766 ferenda
377 1716 580 1766 fuerint:
617 1716 821 1766 libertati
855 1716 983 1765 enim
1020 1732 1072 1765 ea
1101 1715 1339 1780 praesidia
1367 1715 1552 1780 petitis,
1577 1729 1677 1764 non
1705 1714 1920 1764 licentiae

146 1787 204 1838 ad
246 1787 592 1852 inpugnandos
642 1787 777 1837 alios.
835 1787 936 1837 irae
972 1794 1156 1836 vestrae
1192 1787 1345 1850 magis
1378 1786 1734 1850 ignoscendum
1772 1801 1917 1851 quam
1956 1790 1978 1829 7

147 1858 494 1923 indulgendum
539 1865 635 1917 est,
671 1859 851 1924 quippe
897 1859 978 1923 qui
1017 1858 1311 1907 crudelitatis
1349 1858 1461 1906 odio
1498 1858 1545 1906 in
1584 1857 1918 1906 crudelitatem

146 1929 301 1987 ruitiS‚
327 1936 375 1978 et
401 1929 535 1993 prius
562 1944 733 1994 paene,
762 1945 906 1994 quam
935 1930 1030 1994 ipsi
1055 1929 1190 1978 liberi
1219 1928 1341 1985 sitis,
1370 1928 1610 1978 dominari
1638 1929 1731 1976 iam
1759 1928 1807 1977 in
1829 1929 1920 1977 ad-

146 1999 387 2050 versarios
418 2001 574 2050 vultiS.
627 2015 964 2065 numquamne
992 2000 1208 2065 quiescet
1230 1999 1395 2049 civitas
1422 2007 1593 2049 nostra
1620 2015 1644 2049 a
1666 1999 1918 2065 suppliciis
1956 2005 1979 2045 8

146 2155 343 2195 hinderns
366 2155 483 2205 liegt.
505 2177 560 2184 ——
582 2154 776 2195 videatur
797 2167 875 2194 vor
896 2155 988 2193 dem

144 2223 281 2266 praes.
305 2212 453 2251 histor.
471 2212 551 2251 wie
574 2225 609 2252 c.
644 2212 708 2261 13,
738 2212 784 2259 63
817 2211 884 2260 26,
916 2211 988 2259 1ος

149 2269 185 2322 1,
207 2268 276 2319 50,
301 2268 345 2317 13
369 2268 407 2318 2,
442 2268 505 2318 10,
536 2268 575 2318 9,
601 2269 684 2319 vgl.
716 2282 749 2309 c.
781 2268 848 2318 35,
875 2267 913 2308 8.
935 2290 990 2297 —

146 2328 273 2367 orant
292 2325 369 2365 den
393 2324 585 2366 Vortbeil
617 2326 730 2372 (dass
760 2326 820 2365 sie
851 2325 988 2364 sicher

144 2382 319 2434 gestellt
348 2383 533 2434 werden)
563 2380 632 2422 ffir
657 2383 765 2424 sich:
801 2385 987 2433 monent,

144 2440 209 2479 die
231 2438 503 2490 Abwendung
523 2439 599 2479 der
621 2437 775 2479 Gefehr
798 2440 888 2490 (nec
908 2452 986 2479 suo

144 2519 172 2525 -
220 2495 534 2549 adsuefaciunt)
587 2494 656 2536 sur
713 2497 790 2536 den
842 2496 986 2536 Senat.

145 2551 284 2594 Ueber
303 2565 433 2592 neos.
457 2567 493 2593 c.
515 2552 585 2604 21,
607 2552 646 2593 6.

203 2600 420 2649 53.1-.4
451 2612 519 2649 ira
548 2623 582 2649 e.
610 2612 728 2664 imp„
759 2623 794 2650 3.
825 2623 859 2650 c.
883 2608 921 2658 3,
947 2609 987 2648 3.

145 2687 201 2694 —
222 2664 377 2717 Icilius,
392 2665 483 2705 also
507 2665 656 2706 keiner
676 2667 752 2706 der
773 2680 808 2707 e.
833 2667 898 2706 51.
936 2666 985 2705 10

144 2727 393 2773 genannten.
415 2744 470 2751 —
491 2736 618 2775 quam
639 2736 762 2773 arm„
790 2724 851 2763 sie
881 2723 985 2762 wol-

145 2779 212 2819 len
251 2779 360 2818 nicht
395 2780 474 2818 den
514 2779 807 2830 ssiirgerkrieg.
844 2802 902 2810 ——·
934 2794 988 2820 ne

145 2835 388 2889 cnisrartdi
406 2842 502 2887 etc„
524 2849 557 2875 s.
588 2836 622 2884 1,
645 2835 712 2888 24,
737 2837 783 2884 53
807 2837 868 2876 sie
891 2838 988 2876 Ver-

144 2892 294 2944 langen
337 2892 550 2933 Amnestie
591 2890 658 2932 fiir
693 2894 758 2933 die
800 2892 989 2934 Urheber

145 2949 220 2989 der
243 2949 481 3002 Emporung
503 2950 554 2989 im
578 2949 714 3000 Lagei·
734 2950 815 2989 und
849 2951 886 2989 in
914 2950 990 2989 der

143 3005 278 3046 stadt.
321 3005 432 3047 Nucb
451 3010 505 3055 et,
529 3008 607 3045 wie
625 3012 743 3046 sonst
759 3008 860 3045 auch
880 3007 981 3046 nach

143 3063 327 3103 anderen
356 3062 804 3117 Copulativpartikeln,
835 3064 891 3103 ist
917 3064 983 3102 ein

145 3118 328 3160 Verbum
363 3133 438 3160 aus
475 3121 564 3160 dem
604 3120 985 3171 Zusammenbange

146 3189 199 3216 zu
227 3177 451 3228 ergiinzen‚
481 3177 550 3227 43,
592 3178 655 3226 ll,
696 3177 738 3217 2:
777 3179 989 3217 miserunt

146 3234 220 3285 qui
238 3238 456 3289 comperta
471 3248 579 3288 qnae
593 3237 829 3286 agerentur
846 3235 990 3287 refer-

147 3292 254 3343 rent,
283 3293 326 3330 et
352 3294 401 3332 nt
423 3293 476 3332 A.
506 3291 712 3332 Hostilius
743 3292 893 3331 consul
919 3304 988 3331 eo-

1079 2157 1205 2195 milia
1224 2178 1252 2183 —
1274 2155 1468 2196 ediceret.

1138 2212 1178 2251 5.
1201 2211 1311 2262 dedi,
1332 2212 1394 2251 als
1416 2211 1586 2263 Feinde,
1608 2212 1673 2251 die
1696 2213 1761 2251 ein
1786 2212 1922 2251 Biind-

1081 2269 1169 2307 niss
1212 2268 1445 2319 gebrochen
1488 2268 1642 2319 baben,
1684 2269 1818 2308 sollen
1862 2270 1922 2309 sie

1078 2323 1350 2375 ausgeliel'ert
1378 2326 1563 2375 werden,
1594 2338 1626 2364 3.
1657 2325 1696 2375 4,
1728 2325 1766 2373 6,
1801 2325 1839 2365 7.
1867 2348 1923 2354 —

1079 2384 1274 2435 rivosque
1295 2386 1353 2433 ig.
1376 2395 1424 2431 c.‚
1456 2382 1520 2421 die
1544 2387 1663 2421 sonst
1685 2382 1820 2421 selten
1853 2395 1922 2421 er-

1078 2440 1244 2478 wiilmte
1282 2436 1422 2478 strare
1458 2439 1621 2478 scheint
1655 2439 1693 2478 in
1731 2436 1926 2479 friiberer

1080 2495 1177 2536 Zeit
1199 2497 1264 2536 die
1284 2496 1622 2535 Hocbverriitber
1643 2496 1847 2546 getrofl'en
1872 2509 1924 2535 zu

1079 2553 1226 2602 baben,
1248 2552 1328 2602 vgl.
1355 2566 1390 2592 c.
1415 2553 1482 2603 55,
1518 2552 1589 2600 143
1624 2552 1715 2593 Val.
1739 2552 1853 2593 Max.
1885 2552 1924 2603 6,

1081 2610 1128 2661 3,
1169 2610 1213 2658 1;
1253 2610 1291 2660 2,
1329 2611 1407 2649 wie
1445 2610 1589 2663 sp'a'ter
1624 2610 1780 2649 andere
1816 2609 1923 2650 Ver-

1078 2667 1268 2715 brecber,
1292 2680 1325 2706 s.
1350 2680 1400 2706 zu
1423 2666 1490 2717 30,
1514 2666 1578 2718 43,
1618 2666 1689 2713 13;
1721 2667 1921 2707 Ammian.

1078 2724 1208 2764 Marc.
1226 2723 1294 2773 21,
1321 2723 1385 2773 12,
1407 2723 1475 2764 20.

1136 2781 1233 2821 6-8.
1278 2781 1444 2821 consilii
1477 2781 1540 2820 als
1578 2780 1710 2821 Sacbe
1755 2782 1924 2830 rubiger

1079 2837 1395 2888 Ueberlegung;
1429 2838 1480 2878 im
1507 2836 1744 2888 Gegensatz
1776 2851 1825 2876 zu
1850 2839 1925 2877 der

1080 2893 1374 2936 Leidenschast
1395 2893 1421 2947 ξ
1444 2895 1488 2934 7:
1520 2897 1625 2934 irae.
1646 2917 1700 2923 ——
1723 2894 1921 2941 libertati,

1080 2966 1146 2993 um
1169 2953 1254 2992 sich
1282 2965 1413 3002 gegen
1446 2952 1713 3005 tyranniscbe
1739 2950 1925 2990 winkin-

1072 3023 1124 3049 zu
1165 3009 1380 3049 schiitzen.
1415 3031 1471 3037 —
1509 3010 1650 3060 'tnagis
1690 3010 1794 3059 ign„
1838 3009 1928 3056 (133,

1075 3069 1300 3118 ignoscere
1323 3067 1376 3105 ist
1398 3066 1514 3105 mehr
1550 3065 1749 3114 zuliisstg,
1777 3064 1859 3113 vgl.
1883 3064 1922 3114 6,

1082 3123 1147 3170 10,
1171 3123 1221 3169 9ς
1259 3122 1326 3170 21,
1364 3125 1403 3172 5,
1434 3122 1483 3168 3;
1515 3120 1596 3160 fast
1624 3121 1779 3169 gleirh:
1812 3121 1924 3160 nicht

1079 3180 1211 3219 sowol
1232 3203 1259 3208 -
1280 3180 1357 3219 als.
1381 3201 1434 3208 —-
1456 3192 1482 3217 a
1502 3177 1734 3231 suppliciis,
1765 3177 1859 3216 weil
1883 3177 1922 3216 iu

1079 3238 1297 3289 quiescere
1332 3236 1405 3275 der
1444 3233 1601 3284 Begrill‘
1638 3235 1712 3273 der
1748 3233 1923 3274 Entser-

1080 3306 1192 3344 nung
1215 3293 1330 3343 liegt,
1362 3291 1440 3331 wie
1470 3289 1531 3330 ost
1559 3292 1674 3343 quies
1703 3291 1755 3331 ab
1782 3291 1924 3345 aliqua
