2221 3537
7 248 31 286 3,
109 230 144 258 ι.
170 219 238 258 cb.
265 223 342 257 ³⁹0.

711 206 871 251 LIBER
893 208 946 253 V.
991 208 1109 249 CAP.
1134 208 1202 249 48.
1232 209 1302 249 ⁴9.

1775 208 1875 257 357

108 337 318 390 obscure
337 336 483 388 Gallis
509 337 637 388 baud
664 352 838 402 magna
866 336 1087 386 mercede
1113 350 1165 384 se
1191 336 1363 385 adduci
1392 350 1555 399 posse,
1582 342 1636 384 ut
1656 334 1877 385 obsidio-

0 379 10 447 ἶ·
36 427 42 459 ,·
106 423 219 460 nem
245 407 532 474 relinquant.
576 414 679 457 tum
710 415 907 457 senatus
935 406 1142 464 habitus,
1163 406 1470 470 tribunisque
1490 406 1697 455 militum
1721 420 1873 470 nego·
1913 410 1937 450 8

30 503 40 525 τ
107 479 229 530 tium
255 479 436 537 datum,
461 484 514 528 ut
536 478 914 542 paciscerentur.
961 477 1072 526 inde
1098 476 1224 525 inter
1250 479 1306 535 Q.
1330 476 1594 540 sulpicium
1623 476 1872 526 tribunum

106 549 315 600 militum
349 554 397 598 et
419 548 667 598 Brennum
700 549 920 612 regulum
948 547 1194 596 Gallorum
1231 547 1492 610 conloquio
1529 554 1769 596 transacta
1796 562 1875 596 res

107 625 196 678 est,
221 624 270 668 et
292 618 420 668 mille
445 618 612 683 pondo
639 620 741 668 auri
768 619 976 683 pretium
1005 616 1172 682 populi
1203 616 1428 680 gentibus
1457 633 1571 666 mox
1594 618 1878 682 imperaturi

105 688 305 740 factum.
355 688 425 739 rei
458 689 772 739 foedissimae
808 705 896 753 per
928 704 981 737 se
1014 688 1193 737 adiecta
1229 687 1490 750 indignitas
1526 695 1623 736 est:
1661 688 1876 752 pondera
1913 694 1941 733 9

26 807 28 810 ,
107 759 167 811 ab
194 758 343 809 Gallis
369 759 523 809 adlata
549 760 729 824 iniqua,
757 767 803 808 et
828 759 1024 809 tribuno
1053 765 1308 808 recusante
1335 758 1526 806 additus
1554 758 1613 806 ab
1638 758 1877 807 insolente

109 829 245 881 Gallo
280 830 484 895 ponderi
518 830 731 894 gladiuS,
765 830 1022 894 auditaque
1049 829 1351 879 intoleranda
1378 828 1614 877 Romanis
1644 843 1757 885 vox,
1796 845 1879 878 vae

104 901 244 951 victis
274 902 433 964 [esseJ.

249 971 347 1021 Sed
374 971 536 1035 diique
561 978 609 1020 et
635 971 861 1021 homines
889 971 1181 1036 prohibuere
1208 971 1491 1035 redemptos
1520 970 1674 1018 vivere
1694 970 1874 1019 Roma·
1915 971 1984 1022 49

105 1056 218 1092 nos.
269 1057 382 1091 nam
411 1042 538 1091 forte
565 1041 772 1106 quadam
802 1042 1084 1107 priusquam
1114 1042 1308 1090 infanda
1336 1057 1522 1090 merces
1552 1042 1879 1105 perficeretur,

106 1127 195 1177 per
227 1112 589 1162 altercationem
622 1113 844 1162 nondum
874 1113 1008 1162 omni
1037 1128 1156 1162 auro
1185 1127 1404 1177 appenso
1434 1112 1640 1161 dictator
1666 1112 1876 1161 interve-

105 1182 195 1244 nit,
223 1183 499 1248 auferrique
524 1199 695 1233 aurum
724 1184 783 1232 de
810 1184 970 1232 medio
999 1191 1045 1232 et
1065 1184 1226 1232 Gallos
1253 1183 1551 1232 summoveri
1579 1183 1724 1231 iubet.
1771 1198 1879 1231 cum
1917 1192 1942 1233 2

106 1253 171 1303 illi
206 1254 468 1303 renitentes
506 1262 675 1318 pactos
712 1254 925 1303 dicerent
952 1269 1085 1311 sese,
1122 1261 1266 1316 negat
1292 1269 1396 1302 eam
1425 1253 1700 1316 pactionem
1729 1261 1880 1302 ratam

105 1339 232 1382 esse,
261 1338 400 1388 quae,
428 1330 693 1388 postquam
721 1324 826 1388 ipse
853 1325 1061 1373 dictator
1088 1331 1278 1372 creatus
1306 1330 1451 1380 esset,
1481 1324 1673 1372 iniussu
1701 1338 1792 1372 suo
1822 1322 1882 1371 ab

104 1394 352 1444 inferioris
379 1395 499 1444 iuris
528 1395 814 1459 magistratu
842 1394 965 1444 facta
993 1401 1147 1452 esset3
1183 1394 1532 1458 denuntiatque
1559 1393 1722 1450 Gallis,
1753 1400 1805 1442 ut
1830 1409 1883 1442 se

107 1550 181 1590 des
204 1548 426 1599 Camillus,
462 1550 569 1588 dann
610 1550 647 1588 in
679 1549 948 1588 verschiede-

106 1604 288 1647 Formen
317 1606 383 1646 die
415 1606 559 1645 immer
590 1606 807 1656 steigende
838 1605 946 1645 Noth

108 1662 443 1713 derBelagerten
461 1663 711 1713 dargestellt
728 1663 846 1713 wir-d,
864 1662 946 1701 alle

108 1717 320 1760 Momente
361 1731 617 1769 zusammen,
669 1718 827 1758 welche
869 1719 947 1758 den

104 1774 379 1824 Entschluss,
415 1775 502 1814 sich
541 1776 631 1814 dem
664 1775 946 1814 Aeussersten

103 1845 156 1872 zu
178 1830 302 1883 stigen
327 1831 470 1871 berbei
502 1829 690 1881 siibrten,
730 1832 811 1870 und
835 1832 949 1881 giebt

104 1888 144 1929 in
175 1888 265 1928 dem
293 1887 476 1939 letzten,
515 1888 660 1927 locker
688 1886 949 1941 angekniipf-

105 1943 352 1986 teuTbeile:
375 1945 633 1985 iactantibus
655 1951 734 1984 etc.
758 1945 947 1996 zugleich

104 2002 184 2042 den
208 2000 353 2041 Grund
383 2014 456 2050 an,
494 2014 651 2041 warum
690 2002 762 2041 das
795 2001 951 2042 redimi

106 2058 286 2098 eintritt.
310 2081 364 2087 -—-
382 2057 525 2113 pondu
547 2060 657 2107 auri,
681 2071 716 2097 c,
740 2058 807 2108 50,
832 2059 869 2097 7.

164 2114 205 2154 9.
237 2113 486 2167 indignitas,
504 2114 749 2164 unwiirdige
762 2115 947 2154 Beliand-

105 2171 220 2222 lung,
237 2184 273 2210 c.
294 2171 361 2221 45,
381 2171 430 2220 63
448 2170 561 2211 Fest.
580 2185 614 2224 p.
637 2170 740 2210 372:
760 2184 848 2211 vae
875 2174 947 2211 vi-

104 2230 206 2268 ctis
235 2230 277 2267 in
306 2228 577 2282 proverbium
608 2230 771 2267 venisse
799 2229 949 2267 existi-

103 2286 250 2324 matur
266 2296 360 2324 cum
380 2283 517 2324 Itonia
533 2287 656 2338 capta
676 2283 948 2324 aSenonibus

106 2338 234 2382 Gallis
244 2353 402 2380 aurum
421 2354 477 2380 ea·
486 2343 753 2380 conventione
770 2345 810 2380 et
823 2344 948 2395 pacto

103 2396 436 2451 adpenderetur,
469 2400 517 2436 ut
546 2397 808 2445 recederent,
837 2397 950 2450 quod

103 2455 261 2506 iniquis
285 2453 546 2508 ponderibus
581 2455 705 2505 exigi
738 2467 765 2492 a
796 2455 946 2493 barba-

103 2512 166 2550 ris
188 2513 386 2563 querente
402 2512 493 2564 Ap.
515 2509 732 2550 Claudio
750 2510 948 2550 Brennus

104 2579 187 2607 rex
224 2564 439 2606 Gallorum
474 2565 530 2605 ad
567 2566 758 2621 pondera
793 2566 948 2606 adiecit

101 2621 299 2675 gladium
334 2626 375 2661 et
410 2621 522 2662 dixit
555 2635 629 2662 vae
666 2625 811 2671 victi-53
854 2637 946 2663 esse

104 2679 210 2720 wird
235 2679 273 2718 in
297 2679 388 2718 dem
412 2679 815 2731 spriichwiirtlicben
838 2681 947 2720 Aus-

108 2735 264 2776 drucke
286 2740 407 2775 sonst
430 2735 542 2774 nicht
565 2741 801 2784 zugesetzt.

162 2784 249 2833 49.
275 2791 309 2831 1.
333 2791 471 2844 diique
489 2795 541 2840 et,
560 2791 673 2842 ωε»,
692 2791 740 2836 «ις
760 2791 886 2842 51,3;
907 2793 944 2841 4,

105 2847 178 2901 53,
203 2848 267 2888 12.
290 2849 491 2900 —sorle
512 2847 653 2900 quad„
680 2847 720 2898 1,
750 2848 796 2895 4,
829 2848 867 2887 4.
890 2870 944 2876 -

103 2905 360 2960 redemptos,
383 2918 415 2944 s.
441 2918 474 2944 c.
498 2905 565 2954 51,
590 2904 628 2953 8,
648 2878 732 2953 vgi.
751 2903 788 2950 2,
814 2903 882 2954 34,
905 2903 942 2943 9.

102 2983 160 2991 —
177 2961 479 3017 p,erficeretur
509 2960 768 3009 vollstandig
791 2972 943 3010 ausge-

106 3019 223 3059 zahlt
243 3019 403 3058 wurde.
427 3040 482 3047 —-
503 3018 675 3068 auferri
694 3015 758 3065 de,
787 3015 853 3066 35,
876 3017 943 3063 40,

110 3075 153 3124 l,
175 3075 262 3126 vgl.
283 3075 329 3124 4,
352 3074 427 3122 33,
459 3074 497 3113 8.
541 3073 586 3113 L.
611 3071 717 3123 solgt
738 3073 813 3111 der
836 3046 942 3111 bar-

104 3130 305 3182 stellung,
327 3131 486 3170 welche
504 3143 550 3169 er
568 3130 605 3168 in
630 3130 768 3168 seiner
785 3129 943 3181 patrio-

104 3188 264 3228 tiscbeu
286 3186 523 3237 Gesinnung
544 3184 611 3225 fiir
633 3186 697 3225 die
721 3185 943 3224 ebrenvol-

105 3244 195 3286 lere
216 3243 332 3296 hieu,
356 3256 407 3284 au
430 3244 497 3284 ihu
521 3242 717 3284 schliesst
738 3242 824 3282 sich
848 3240 944 3282 Plu-

1040 1550 1156 1588 tarch
1174 1561 1239 1588 an.
1273 1547 1550 1589 Unbestimmt
1566 1548 1619 1586 ist
1642 1547 1706 1586 die
1729 1547 1884 1587 iilteste

1039 1605 1279 1653 Nacbricbt,
1303 1606 1368 1644 die
1387 1606 1528 1644 dieser
1545 1604 1744 1644 mittheilt
1760 1617 1794 1643 c.
1808 1602 1882 1643 22:

1040 1658 1357 1726 Ἀριστοτέλης
1389 1660 1437 1701 δὲ
1476 1659 1498 1700 ὁ
1530 1657 1802 1726 φιλόσοφος
1831 1655 1882 1699 τὸ

1037 1718 1126 1773 μὲν
1159 1715 1331 1759 ἀλιῦιαι
1365 1714 1447 1767 τὴν
1476 1716 1617 1757 πόλιν
1650 1731 1741 1782 v’no
1765 1717 1883 1757 Κελ-

1039 1774 1129 1816 τῶν
1145 1771 1249 1829 (ἒκρι
1256 1775 1346 1826 θῶς
1364 1770 1643 1838 ‹bilds-lorii
1659 1768 1882 1825 ἀκηκοώς,

1039 1828 1121 1873 τὸν
1162 1818 1224 1872 δὲ
1256 1843 1471 1872 σωσανια
1514 1827 1722 1871 Ιεὺκιον
1764 1828 1878 1870 εἶναι

1041 1891 1203 1941 φησίν.
1264 1889 1543 1928 Abweicbend
1582 1901 1660 1926 von
1698 1888 1774 1926 der
1808 1898 1882 1937 ge—

1039 1946 1303 1985 wohnlichen
1348 1945 1594 1994 Erz'dhlung
1643 1943 1765 1983 stelit
1813 1943 1880 1982 die

1040 2002 1172 2042 Sache
1195 2002 1270 2041 dar
1301 2001 1445 2055 Polyb.
1470 2001 1514 2052 2,
1549 2000 1620 2039 22.
1652 1996 1769 2053 μετὰ
1801 1996 1883 2050 τὴ»

1038 2055 1196 2122 μάχηι
1238 2056 1284 2105 ἐξ
1321 2055 1505 2125 &scidae
1547 2067 1778 2119 κατεσχον
1817 2056 1882 2105 (οἱ

1041 2111 1256 2162 Γαλάται)
1276 2112 1417 2164 αὐτὴν
1434 2112 1517 2164 τὴν
1529 2109 1769 2177 Ρώιίυην·
1753 2108 1884 2154 “evo-

1038 2184 1172 2235 μενρι
1218 2169 1266 2210 δὲ
1309 2172 1382 2210 καὶ
1432 2184 1522 2210 των
1573 2142 1885 2231 ὑπαρχόντων

1039 2223 1263 2268 &urinam
1291 2225 1545 2292 ἐγκρατεῖς,
1582 2227 1656 2264 καὶ
1689 2226 1765 2275 τῆς
1795 2221 1883 2265 πό-

1040 2285 1151 2328 λεως
1187 2281 1325 2333 αιἰἧς
1358 2281 1477 2323 ἑπτὰ
1514 2281 1665 2336 υῆνας
1705 2277 1885 2344 acipien-

1042 2352 1221 2388 σαιτες,
1258 2341 1386 2384 τέλος
1412 2338 1622 2378 ἐθελοντὶ
1652 2338 1727 2376 καὶ
1766 2335 1880 2378 μετὰ

1030 2393 1231 2460 χάριτρς
1261 2390 1522 2436 παιηιδόι
1533 2407 1616 2438 τες
1645 2390 1880 2460 triv—'710'-

1040 2454 1088 2493 λι
1106 2466 1146 2505 ν,
1171 2439 1430 2518 ἄθραυστοι
1451 2452 1523 2491 καὶ
1545 2447 1734 2501 ἀσιιεῖς,
1754 2447 1882 2503 ἕχον-

1041 2522 1112 2554 τες
1139 2509 1220 2559 τὴι
1242 2506 1308 2563 ὠᾳ
1321 2508 1483 2558 έλειαν,
1515 2507 1579 2551 εἰς
1599 2503 1682 2558 τὴν
1704 2507 1882 2546 οἰκείαν

1043 2565 1163 2607 laco
1157 2566 1326 2617 ἦλθον.
1361 2564 1476 2604 Eheu
1497 2577 1543 2603 so
1562 2564 1697 2613 wenig
1720 2563 1884 2602 erwiib-

1040 2635 1118 2662 nen
1150 2623 1268 2661 Suet.
1298 2621 1391 2660 Tib.
1425 2620 1471 2670 3,
1511 2620 1650 2669 Diod.‚
1690 2619 1880 2673 Dionys„

1038 2679 1239 2731 Polyaen.
1278 2678 1316 2727 8,
1349 2677 1454 2727 25,1
1493 2678 1558 2716 die
1583 2676 1878 2716 Dazwischen-

1038 2733 1158 2775 kunst
1175 2735 1248 2774 des
1268 2734 1490 2780 Camillum
1516 2733 1560 2772 L.
1575 2733 1707 2772 selbst
1730 2734 1794 2783 10,
1817 2733 1877 2782 16,

1038 2792 1085 2831 6:
1111 2791 1186 2839 22,
1209 2791 1282 2839 59,
1310 2791 1329 2829 7
1355 2791 1527 2830 beriibrt
1550 2791 1612 2828 sie
1637 2790 1768 2836 uicbt,
1792 2789 1876 2838 vgl.

1038 2861 1074 2888 c.
1094 2848 1161 2897 46,
1183 2848 1228 2895 73
1253 2848 1320 2893 50,
1340 2848 1387 2894 63
1412 2848 1478 2894 51,
1498 2845 1542 2884 8:
1570 2845 1733 2883 ‚tudere
1752 2844 1877 2884 iiber·

1037 2905 1167 2954 geben
1191 2905 1268 2942 den
1294 2902 1490 2951 vertunt.
1517 2914 1549 2940 s.
1576 2900 1721 2940 Front.
1744 2900 1872 2941 Strat.

1035 2960 1073 3010 3,
1102 2961 1161 3011 15,
1191 2961 1205 2999 1
1233 2961 1347 3004 υ.Α.,
1370 2958 1453 3008 vgl.
1479 2958 1517 3005 0,
1546 2957 1609 3004 14,
1639 2956 1700 2996 12.
1743 2957 1874 2997 Brak-

1034 3016 1112 3056 ker
1138 3017 1229 3055 144.

1093 3073 1116 3113 2
1134 3096 1159 3101 -
1178 3072 1217 3110 3.
1259 3072 1311 3110 ab
1334 3073 1415 3124 ins.
1438 3073 1465 3110 i.
1481 3102 1490 3116 ,
1515 3070 1658 3110 sobuld
1682 3070 1756 3110 der
1779 3070 1873 3110 Dic-

1036 3136 1147 3169 tator
1171 3128 1354 3178 gewiiblt
1377 3129 1453 3172 ist,
1485 3127 1647 3166 konnen
1671 3128 1736 3167 die
1760 3126 1875 3166 iibri-

1035 3199 1112 3237 gen
1139 3185 1409 3234 Magistrate,
1431 3185 1481 3223 du
1505 3186 1565 3223 sie
1589 3184 1655 3223 eiu
1678 3184 1876 3234 geriuge-

1035 3255 1104 3283 res
1128 3241 1341 3295 imperium
1363 3240 1516 3293 baben,
1547 3253 1626 3281 nur
1653 3240 1694 3281 in
1715 3241 1872 3280 :ciuem
