<?xml version="1.0" encoding="UTF-8"?>
<!DOCTYPE html PUBLIC "-//W3C//DTD XHTML 1.0 Transitional//EN"
    "http://www.w3.org/TR/xhtml1/DTD/xhtml1-transitional.dtd">
<html xmlns="http://www.w3.org/1999/xhtml" xml:lang="en" lang="en">
 <head>
  <title>
</title>
<meta http-equiv="Content-Type" content="text/html;charset=utf-8" />
  <meta name='ocr-system' content='tesseract 3.04.00' />
  <meta name='ocr-capabilities' content='ocr_page ocr_carea ocr_par ocr_line ocrx_word'/>
</head>
<body>
  <div class='ocr_page' id='page_1' title='image "./aburbeconditali01livy_0616.png"; bbox 0 0 2221 3537; ppageno 0'>
   <div class='ocr_carea' id='block_1_1' title="bbox 357 239 460 289">
    <p class='ocr_par' dir='ltr' id='par_1_1' title="bbox 357 239 460 289">
     <span class='ocr_line' id='line_1_1' title="bbox 357 239 460 289; baseline 0.01 -1"><span class='ocrx_word' id='word_1_1' title='bbox 357 239 460 289; x_wconf 82' lang='lat'>220</span> 
     </span>
    </p>
   </div>
   <div class='ocr_carea' id='block_1_2' title="bbox 978 238 1497 291">
    <p class='ocr_par' dir='ltr' id='par_1_2' title="bbox 978 238 1497 291">
     <span class='ocr_line' id='line_1_2' title="bbox 978 238 1497 291; baseline 0.004 -11"><span class='ocrx_word' id='word_1_2' title='bbox 978 238 1136 291; x_wconf 68' lang='lat' dir='ltr'>mann</span> <span class='ocrx_word' id='word_1_3' title='bbox 1160 240 1232 283; x_wconf 78' lang='lat' dir='ltr'>lv.</span> <span class='ocrx_word' id='word_1_4' title='bbox 1291 241 1408 283; x_wconf 75' lang='lat' dir='ltr'>cAP.</span> <span class='ocrx_word' id='word_1_5' title='bbox 1430 242 1497 283; x_wconf 80' lang='lat'>41.</span> 
     </span>
    </p>
   </div>
   <div class='ocr_carea' id='block_1_3' title="bbox 1908 258 2098 290">
    <p class='ocr_par' dir='ltr' id='par_1_3' title="bbox 1908 258 2098 290">
     <span class='ocr_line' id='line_1_3' title="bbox 1908 258 2098 290; baseline 0.011 -2"><span class='ocrx_word' id='word_1_6' title='bbox 1908 265 1941 289; x_wconf 71' lang='lat' dir='ltr'>a.</span> <span class='ocrx_word' id='word_1_7' title='bbox 1967 265 2003 288; x_wconf 86' lang='lat' dir='ltr'>u.</span> <span class='ocrx_word' id='word_1_8' title='bbox 2021 258 2098 290; x_wconf 80' lang='lat'>331.</span> 
     </span>
    </p>
   </div>
   <div class='ocr_carea' id='block_1_4' title="bbox 289 364 2107 1557">
    <p class='ocr_par' dir='ltr' id='par_1_4' title="bbox 289 364 2107 1557">
     <span class='ocr_line' id='line_1_4' title="bbox 293 364 2104 437; baseline 0.006 -25"><span class='ocrx_word' id='word_1_9' title='bbox 293 374 321 413; x_wconf 86' lang='lat'>4</span> <span class='ocrx_word' id='word_1_10' title='bbox 355 370 534 413; x_wconf 82' lang='lat' dir='ltr'><strong>essent.</strong></span> <span class='ocrx_word' id='word_1_11' title='bbox 580 364 665 413; x_wconf 91' lang='lat' dir='ltr'>sed</span> <span class='ocrx_word' id='word_1_12' title='bbox 691 365 820 429; x_wconf 91' lang='lat' dir='ltr'>quod</span> <span class='ocrx_word' id='word_1_13' title='bbox 846 366 1030 426; x_wconf 88' lang='lat' dir='ltr'>viderit,</span> <span class='ocrx_word' id='word_1_14' title='bbox 1056 368 1236 417; x_wconf 87' lang='lat' dir='ltr'>referre</span> <span class='ocrx_word' id='word_1_15' title='bbox 1262 385 1426 434; x_wconf 88' lang='lat' dir='ltr'>posse.</span> <span class='ocrx_word' id='word_1_16' title='bbox 1469 370 1646 420; x_wconf 83' lang='lat' dir='ltr'>vidisse</span> <span class='ocrx_word' id='word_1_17' title='bbox 1666 375 1826 420; x_wconf 89' lang='lat' dir='ltr'>autem</span> <span class='ocrx_word' id='word_1_18' title='bbox 1847 385 1916 431; x_wconf 85' lang='lat' dir='ltr'>se,</span> <span class='ocrx_word' id='word_1_19' title='bbox 1940 372 2104 437; x_wconf 87' lang='lat' dir='ltr'>prius-</span> 
     </span>
     <span class='ocr_line' id='line_1_5' title="bbox 356 434 2104 505; baseline 0.006 -24"><span class='ocrx_word' id='word_1_20' title='bbox 356 449 500 498; x_wconf 85' lang='lat' dir='ltr'>quam</span> <span class='ocrx_word' id='word_1_21' title='bbox 528 434 584 483; x_wconf 90' lang='lat' dir='ltr'>ab</span> <span class='ocrx_word' id='word_1_22' title='bbox 605 435 703 484; x_wconf 91' lang='lat' dir='ltr'>acie</span> <span class='ocrx_word' id='word_1_23' title='bbox 722 436 1130 495; x_wconf 79' lang='lat' dir='ltr'>intercluderetur,</span> <span class='ocrx_word' id='word_1_24' title='bbox 1160 440 1408 489; x_wconf 90' lang='lat' dir='ltr'>consulem</span> <span class='ocrx_word' id='word_1_25' title='bbox 1430 440 1477 488; x_wconf 92' lang='lat' dir='ltr'>in</span> <span class='ocrx_word' id='word_1_26' title='bbox 1497 441 1654 505; x_wconf 89' lang='lat' dir='ltr'>prima</span> <span class='ocrx_word' id='word_1_27' title='bbox 1675 441 1774 490; x_wconf 87' lang='lat' dir='ltr'>acie</span> <span class='ocrx_word' id='word_1_28' title='bbox 1792 449 2104 505; x_wconf 81' lang='lat' dir='ltr'>pugnantem,</span> 
     </span>
     <span class='ocr_line' id='line_1_6' title="bbox 355 505 2103 574; baseline 0.005 -22"><span class='ocrx_word' id='word_1_29' title='bbox 355 505 688 554; x_wconf 83' lang='lat' dir='ltr'>adhortantem</span> <span class='ocrx_word' id='word_1_30' title='bbox 733 506 856 555; x_wconf 90' lang='lat' dir='ltr'>inter</span> <span class='ocrx_word' id='word_1_31' title='bbox 898 507 1033 570; x_wconf 86' lang='lat' dir='ltr'>signa</span> <span class='ocrx_word' id='word_1_32' title='bbox 1067 509 1285 558; x_wconf 85' lang='lat' dir='ltr'>Romana</span> <span class='ocrx_word' id='word_1_33' title='bbox 1334 510 1523 574; x_wconf 86' lang='lat' dir='ltr'>telaque</span> <span class='ocrx_word' id='word_1_34' title='bbox 1565 511 1779 560; x_wconf 91' lang='lat' dir='ltr'>hostium</span> <span class='ocrx_word' id='word_1_35' title='bbox 1818 518 2103 562; x_wconf 89' lang='lat' dir='ltr'>versantem.</span> 
     </span>
     <span class='ocr_line' id='line_1_7' title="bbox 294 579 2107 646; baseline 0.005 -23"><span class='ocrx_word' id='word_1_36' title='bbox 294 585 318 624; x_wconf 84' lang='lat'>5</span> <span class='ocrx_word' id='word_1_37' title='bbox 354 582 524 639; x_wconf 84' lang='lat' dir='ltr'>postea</span> <span class='ocrx_word' id='word_1_38' title='bbox 549 591 602 623; x_wconf 87' lang='lat' dir='ltr'>se</span> <span class='ocrx_word' id='word_1_39' title='bbox 629 591 654 623; x_wconf 90' lang='lat' dir='ltr'>a</span> <span class='ocrx_word' id='word_1_40' title='bbox 681 584 946 641; x_wconf 87' lang='lat' dir='ltr'>conspectu</span> <span class='ocrx_word' id='word_1_41' title='bbox 975 593 1179 627; x_wconf 88' lang='lat' dir='ltr'>suorum</span> <span class='ocrx_word' id='word_1_42' title='bbox 1206 579 1413 628; x_wconf 87' lang='lat' dir='ltr'>ablatum</span> <span class='ocrx_word' id='word_1_43' title='bbox 1441 597 1497 629; x_wconf 85' lang='lat' dir='ltr'>ex</span> <span class='ocrx_word' id='word_1_44' title='bbox 1524 581 1728 646; x_wconf 88' lang='lat' dir='ltr'>strepitu</span> <span class='ocrx_word' id='word_1_45' title='bbox 1751 588 1913 631; x_wconf 88' lang='lat' dir='ltr'>tamen</span> <span class='ocrx_word' id='word_1_46' title='bbox 1939 588 1986 643; x_wconf 80' lang='lat' dir='ltr'>et</span> <span class='ocrx_word' id='word_1_47' title='bbox 2010 583 2107 632; x_wconf 90' lang='lat' dir='ltr'>cla-</span> 
     </span>
     <span class='ocr_line' id='line_1_8' title="bbox 355 646 2104 711; baseline 0.006 -19"><span class='ocrx_word' id='word_1_48' title='bbox 355 660 493 693; x_wconf 89' lang='lat' dir='ltr'>more</span> <span class='ocrx_word' id='word_1_49' title='bbox 538 646 777 703; x_wconf 83' lang='lat' dir='ltr'>sensisse,</span> <span class='ocrx_word' id='word_1_50' title='bbox 819 662 974 711; x_wconf 90' lang='lat' dir='ltr'>usque</span> <span class='ocrx_word' id='word_1_51' title='bbox 1009 649 1065 696; x_wconf 86' lang='lat' dir='ltr'>ad</span> <span class='ocrx_word' id='word_1_52' title='bbox 1101 656 1293 698; x_wconf 90' lang='lat' dir='ltr'>noctem</span> <span class='ocrx_word' id='word_1_53' title='bbox 1330 658 1593 700; x_wconf 86' lang='lat' dir='ltr'>extractum</span> <span class='ocrx_word' id='word_1_54' title='bbox 1629 658 1893 711; x_wconf 88' lang='lat' dir='ltr'>certamen,</span> <span class='ocrx_word' id='word_1_55' title='bbox 1928 667 2018 702; x_wconf 87' lang='lat' dir='ltr'>nec</span> <span class='ocrx_word' id='word_1_56' title='bbox 2044 653 2104 702; x_wconf 92' lang='lat' dir='ltr'>ad</span> 
     </span>
     <span class='ocr_line' id='line_1_9' title="bbox 353 715 2106 783; baseline 0.004 -20"><span class='ocrx_word' id='word_1_57' title='bbox 353 715 591 764; x_wconf 89' lang='lat' dir='ltr'>tumulum</span> <span class='ocrx_word' id='word_1_58' title='bbox 610 755 620 774; x_wconf 92' lang='lat'>,</span> <span class='ocrx_word' id='word_1_59' title='bbox 645 732 785 780; x_wconf 88' lang='lat' dir='ltr'>quem</span> <span class='ocrx_word' id='word_1_60' title='bbox 815 717 918 781; x_wconf 84' lang='lat' dir='ltr'>ipse</span> <span class='ocrx_word' id='word_1_61' title='bbox 945 724 1175 777; x_wconf 82' lang='lat' dir='ltr'>tenuerat,</span> <span class='ocrx_word' id='word_1_62' title='bbox 1200 736 1314 783; x_wconf 86' lang='lat' dir='ltr'>prae</span> <span class='ocrx_word' id='word_1_63' title='bbox 1340 721 1643 770; x_wconf 87' lang='lat' dir='ltr'>multitudine</span> <span class='ocrx_word' id='word_1_64' title='bbox 1667 721 1884 770; x_wconf 88' lang='lat' dir='ltr'>hostium</span> <span class='ocrx_word' id='word_1_65' title='bbox 1913 724 2106 772; x_wconf 89' lang='lat' dir='ltr'>credere</span> 
     </span>
     <span class='ocr_line' id='line_1_10' title="bbox 293 786 2106 851; baseline 0.002 -15"><span class='ocrx_word' id='word_1_66' title='bbox 293 795 318 836; x_wconf 85' lang='grc'>6</span> <span class='ocrx_word' id='word_1_67' title='bbox 352 786 603 850; x_wconf 84' lang='lat' dir='ltr'>perrumpi</span> <span class='ocrx_word' id='word_1_68' title='bbox 648 787 881 849; x_wconf 85' lang='lat' dir='ltr'>potuisse.</span> <span class='ocrx_word' id='word_1_69' title='bbox 943 789 1179 837; x_wconf 81' lang='lat' dir='ltr'>exercitus</span> <span class='ocrx_word' id='word_1_70' title='bbox 1224 790 1305 838; x_wconf 87' lang='lat' dir='ltr'>ubi</span> <span class='ocrx_word' id='word_1_71' title='bbox 1347 798 1496 849; x_wconf 88' lang='lat' dir='ltr'>esset,</span> <span class='ocrx_word' id='word_1_72' title='bbox 1542 807 1593 839; x_wconf 90' lang='lat' dir='ltr'>se</span> <span class='ocrx_word' id='word_1_73' title='bbox 1627 791 1838 849; x_wconf 84' lang='lat' dir='ltr'>nescire3</span> <span class='ocrx_word' id='word_1_74' title='bbox 1873 792 2106 851; x_wconf 89' lang='lat' dir='ltr'>arbitrari,</span> 
     </span>
     <span class='ocr_line' id='line_1_11' title="bbox 351 856 2106 924; baseline 0.005 -22"><span class='ocrx_word' id='word_1_75' title='bbox 351 857 478 904; x_wconf 83' lang='lat' dir='ltr'>velut</span> <span class='ocrx_word' id='word_1_76' title='bbox 508 856 612 920; x_wconf 85' lang='lat' dir='ltr'>ipse</span> <span class='ocrx_word' id='word_1_77' title='bbox 640 857 686 902; x_wconf 89' lang='lat' dir='ltr'>in</span> <span class='ocrx_word' id='word_1_78' title='bbox 714 872 765 903; x_wconf 91' lang='lat' dir='ltr'>re</span> <span class='ocrx_word' id='word_1_79' title='bbox 791 856 975 920; x_wconf 86' lang='lat' dir='ltr'>trepida</span> <span class='ocrx_word' id='word_1_80' title='bbox 1001 858 1093 906; x_wconf 87' lang='lat' dir='ltr'>loci</span> <span class='ocrx_word' id='word_1_81' title='bbox 1120 860 1361 922; x_wconf 84' lang='lat' dir='ltr'>praesidio</span> <span class='ocrx_word' id='word_1_82' title='bbox 1391 876 1445 909; x_wconf 90' lang='lat' dir='ltr'>se</span> <span class='ocrx_word' id='word_1_83' title='bbox 1471 875 1684 924; x_wconf 89' lang='lat' dir='ltr'>suosque</span> <span class='ocrx_word' id='word_1_84' title='bbox 1710 861 1772 909; x_wconf 89' lang='lat' dir='ltr'>sit</span> <span class='ocrx_word' id='word_1_85' title='bbox 1795 867 2002 921; x_wconf 80' lang='lat' dir='ltr'>tutatuS,</span> <span class='ocrx_word' id='word_1_86' title='bbox 2036 861 2106 911; x_wconf 85' lang='lat' dir='ltr'>sio</span> 
     </span>
     <span class='ocr_line' id='line_1_12' title="bbox 354 926 2104 996; baseline 0.004 -23"><span class='ocrx_word' id='word_1_87' title='bbox 354 927 600 974; x_wconf 86' lang='lat' dir='ltr'>consulem</span> <span class='ocrx_word' id='word_1_88' title='bbox 646 926 865 973; x_wconf 80' lang='lat' dir='ltr'>servandi</span> <span class='ocrx_word' id='word_1_89' title='bbox 901 927 1134 976; x_wconf 82' lang='lat' dir='ltr'>exercitus</span> <span class='ocrx_word' id='word_1_90' title='bbox 1176 944 1316 978; x_wconf 84' lang='lat' dir='ltr'>causa</span> <span class='ocrx_word' id='word_1_91' title='bbox 1349 931 1452 978; x_wconf 87' lang='lat' dir='ltr'>loca</span> <span class='ocrx_word' id='word_1_92' title='bbox 1484 930 1663 978; x_wconf 88' lang='lat' dir='ltr'>tutiora</span> <span class='ocrx_word' id='word_1_93' title='bbox 1703 930 1871 980; x_wconf 88' lang='lat' dir='ltr'>castris</span> <span class='ocrx_word' id='word_1_94' title='bbox 1902 931 2104 996; x_wconf 90' lang='lat' dir='ltr'>cepisse.</span> 
     </span>
     <span class='ocr_line' id='line_1_13' title="bbox 291 995 2104 1065; baseline 0.002 -19"><span class='ocrx_word' id='word_1_95' title='bbox 291 1009 313 1046; x_wconf 84' lang='lat'>7</span> <span class='ocrx_word' id='word_1_96' title='bbox 351 1010 441 1044; x_wconf 87' lang='lat' dir='ltr'>nec</span> <span class='ocrx_word' id='word_1_97' title='bbox 466 995 750 1043; x_wconf 83' lang='lat' dir='ltr'>Volscorum</span> <span class='ocrx_word' id='word_1_98' title='bbox 787 996 1008 1044; x_wconf 84' lang='lat' dir='ltr'>meliores</span> <span class='ocrx_word' id='word_1_99' title='bbox 1042 1013 1120 1046; x_wconf 87' lang='lat' dir='ltr'>res</span> <span class='ocrx_word' id='word_1_100' title='bbox 1158 1014 1266 1046; x_wconf 88' lang='lat' dir='ltr'>esse</span> <span class='ocrx_word' id='word_1_101' title='bbox 1292 1000 1486 1049; x_wconf 89' lang='lat' dir='ltr'>credere</span> <span class='ocrx_word' id='word_1_102' title='bbox 1512 1015 1655 1063; x_wconf 90' lang='lat' dir='ltr'>quam</span> <span class='ocrx_word' id='word_1_103' title='bbox 1680 1001 1848 1065; x_wconf 86' lang='lat' dir='ltr'>populi</span> <span class='ocrx_word' id='word_1_104' title='bbox 1875 1002 2104 1050; x_wconf 86' lang='lat' dir='ltr'>Romani:</span> 
     </span>
     <span class='ocr_line' id='line_1_14' title="bbox 351 1066 2104 1135; baseline 0.005 -23"><span class='ocrx_word' id='word_1_105' title='bbox 351 1066 595 1113; x_wconf 83' lang='lat' dir='ltr'>fortunam</span> <span class='ocrx_word' id='word_1_106' title='bbox 631 1071 922 1129; x_wconf 85' lang='lat' dir='ltr'>noctemque</span> <span class='ocrx_word' id='word_1_107' title='bbox 950 1068 1112 1117; x_wconf 87' lang='lat' dir='ltr'>omnia</span> <span class='ocrx_word' id='word_1_108' title='bbox 1138 1068 1316 1118; x_wconf 90' lang='lat' dir='ltr'>erroris</span> <span class='ocrx_word' id='word_1_109' title='bbox 1343 1070 1497 1119; x_wconf 88' lang='lat' dir='ltr'>mutui</span> <span class='ocrx_word' id='word_1_110' title='bbox 1523 1070 1747 1134; x_wconf 87' lang='lat' dir='ltr'>inplesse.</span> <span class='ocrx_word' id='word_1_111' title='bbox 1798 1078 2104 1135; x_wconf 89' lang='lat' dir='ltr'>precantem—</span> 
     </span>
     <span class='ocr_line' id='line_1_15' title="bbox 351 1135 2104 1199; baseline 0.005 -16"><span class='ocrx_word' id='word_1_112' title='bbox 351 1150 442 1199; x_wconf 90' lang='lat' dir='ltr'>que</span> <span class='ocrx_word' id='word_1_113' title='bbox 469 1135 664 1193; x_wconf 88' lang='lat' dir='ltr'>deinde,</span> <span class='ocrx_word' id='word_1_114' title='bbox 692 1149 752 1183; x_wconf 91' lang='lat' dir='ltr'>ne</span> <span class='ocrx_word' id='word_1_115' title='bbox 780 1152 831 1184; x_wconf 88' lang='lat' dir='ltr'>se</span> <span class='ocrx_word' id='word_1_116' title='bbox 857 1136 1039 1185; x_wconf 86' lang='lat' dir='ltr'>fessum</span> <span class='ocrx_word' id='word_1_117' title='bbox 1067 1138 1230 1187; x_wconf 87' lang='lat' dir='ltr'>labore</span> <span class='ocrx_word' id='word_1_118' title='bbox 1256 1155 1310 1188; x_wconf 90' lang='lat' dir='ltr'>ac</span> <span class='ocrx_word' id='word_1_119' title='bbox 1334 1140 1608 1189; x_wconf 85' lang='lat' dir='ltr'>volneribus</span> <span class='ocrx_word' id='word_1_120' title='bbox 1634 1146 1864 1199; x_wconf 89' lang='lat' dir='ltr'>tenerent,</span> <span class='ocrx_word' id='word_1_121' title='bbox 1891 1157 1998 1190; x_wconf 90' lang='lat' dir='ltr'>cum</span> <span class='ocrx_word' id='word_1_122' title='bbox 2026 1142 2104 1191; x_wconf 90' lang='lat' dir='ltr'>in-</span> 
     </span>
     <span class='ocr_line' id='line_1_16' title="bbox 351 1205 2101 1273; baseline 0.003 -20"><span class='ocrx_word' id='word_1_123' title='bbox 351 1205 479 1269; x_wconf 82' lang='lat' dir='ltr'>genti</span> <span class='ocrx_word' id='word_1_124' title='bbox 523 1205 662 1254; x_wconf 90' lang='lat' dir='ltr'>laude</span> <span class='ocrx_word' id='word_1_125' title='bbox 706 1220 804 1253; x_wconf 92' lang='lat' dir='ltr'>non</span> <span class='ocrx_word' id='word_1_126' title='bbox 847 1207 1036 1255; x_wconf 85' lang='lat' dir='ltr'>virtutis</span> <span class='ocrx_word' id='word_1_127' title='bbox 1074 1209 1229 1272; x_wconf 87' lang='lat' dir='ltr'>magis</span> <span class='ocrx_word' id='word_1_128' title='bbox 1266 1225 1407 1273; x_wconf 89' lang='lat' dir='ltr'>quam</span> <span class='ocrx_word' id='word_1_129' title='bbox 1446 1210 1796 1260; x_wconf 78' lang='lat' dir='ltr'>moderationis</span> <span class='ocrx_word' id='word_1_130' title='bbox 1831 1212 2101 1261; x_wconf 89' lang='lat' dir='ltr'>dimissum.</span> 
     </span>
     <span class='ocr_line' id='line_1_17' title="bbox 290 1276 2100 1341; baseline 0.004 -17"><span class='ocrx_word' id='word_1_131' title='bbox 290 1288 314 1328; x_wconf 85' lang='lat'>8</span> <span class='ocrx_word' id='word_1_132' title='bbox 351 1291 460 1324; x_wconf 89' lang='lat' dir='ltr'>cum</span> <span class='ocrx_word' id='word_1_133' title='bbox 495 1276 611 1323; x_wconf 87' lang='lat' dir='ltr'>haec</span> <span class='ocrx_word' id='word_1_134' title='bbox 646 1282 920 1339; x_wconf 81' lang='lat' dir='ltr'>agerentur,</span> <span class='ocrx_word' id='word_1_135' title='bbox 957 1277 1048 1325; x_wconf 89' lang='lat' dir='ltr'>iam</span> <span class='ocrx_word' id='word_1_136' title='bbox 1084 1279 1252 1327; x_wconf 87' lang='lat' dir='ltr'>consul</span> <span class='ocrx_word' id='word_1_137' title='bbox 1280 1281 1350 1328; x_wconf 83' lang='lat' dir='ltr'>via</span> <span class='ocrx_word' id='word_1_138' title='bbox 1378 1281 1612 1329; x_wconf 88' lang='lat' dir='ltr'>Labicana</span> <span class='ocrx_word' id='word_1_139' title='bbox 1639 1281 1696 1329; x_wconf 88' lang='lat' dir='ltr'>ad</span> <span class='ocrx_word' id='word_1_140' title='bbox 1721 1281 1889 1330; x_wconf 87' lang='lat' dir='ltr'>fanum</span> <span class='ocrx_word' id='word_1_141' title='bbox 1916 1282 2100 1341; x_wconf 88' lang='lat' dir='ltr'>Quietis</span> 
     </span>
     <span class='ocr_line' id='line_1_18' title="bbox 349 1346 2101 1414; baseline 0.005 -21"><span class='ocrx_word' id='word_1_142' title='bbox 349 1352 463 1394; x_wconf 88' lang='lat' dir='ltr'>erat.</span> <span class='ocrx_word' id='word_1_143' title='bbox 515 1361 571 1393; x_wconf 94' lang='lat' dir='ltr'>eo</span> <span class='ocrx_word' id='word_1_144' title='bbox 607 1346 756 1394; x_wconf 80' lang='lat' dir='ltr'>missa</span> <span class='ocrx_word' id='word_1_145' title='bbox 792 1347 1003 1410; x_wconf 81' lang='lat' dir='ltr'>plaustra</span> <span class='ocrx_word' id='word_1_146' title='bbox 1041 1348 1349 1414; x_wconf 91' lang='lat' dir='ltr'>iumentaque</span> <span class='ocrx_word' id='word_1_147' title='bbox 1384 1351 1470 1399; x_wconf 91' lang='lat' dir='ltr'>alia</span> <span class='ocrx_word' id='word_1_148' title='bbox 1498 1352 1555 1399; x_wconf 85' lang='lat' dir='ltr'>ab</span> <span class='ocrx_word' id='word_1_149' title='bbox 1580 1351 1699 1400; x_wconf 91' lang='lat' dir='ltr'>urbe</span> <span class='ocrx_word' id='word_1_150' title='bbox 1725 1352 1983 1401; x_wconf 83' lang='lat' dir='ltr'>exercitum</span> <span class='ocrx_word' id='word_1_151' title='bbox 2013 1353 2101 1402; x_wconf 91' lang='lat' dir='ltr'>ad-</span> 
     </span>
     <span class='ocr_line' id='line_1_19' title="bbox 289 1416 2102 1485; baseline 0.004 -22"><span class='ocrx_word' id='word_1_152' title='bbox 289 1428 314 1468; x_wconf 87' lang='lat'>9</span> <span class='ocrx_word' id='word_1_153' title='bbox 349 1416 526 1464; x_wconf 87' lang='lat' dir='ltr'>fectum</span> <span class='ocrx_word' id='word_1_154' title='bbox 561 1416 746 1479; x_wconf 89' lang='lat' dir='ltr'>proelio</span> <span class='ocrx_word' id='word_1_155' title='bbox 782 1433 837 1465; x_wconf 88' lang='lat' dir='ltr'>ac</span> <span class='ocrx_word' id='word_1_156' title='bbox 869 1418 939 1465; x_wconf 89' lang='lat' dir='ltr'>via</span> <span class='ocrx_word' id='word_1_157' title='bbox 974 1426 1211 1468; x_wconf 88' lang='lat' dir='ltr'>nocturna</span> <span class='ocrx_word' id='word_1_158' title='bbox 1246 1436 1489 1485; x_wconf 83' lang='lat' dir='ltr'>excepere.</span> <span class='ocrx_word' id='word_1_159' title='bbox 1540 1421 1681 1485; x_wconf 82' lang='lat' dir='ltr'>paulo</span> <span class='ocrx_word' id='word_1_160' title='bbox 1717 1428 1834 1485; x_wconf 88' lang='lat' dir='ltr'>post</span> <span class='ocrx_word' id='word_1_161' title='bbox 1856 1422 1904 1470; x_wconf 92' lang='lat' dir='ltr'>in</span> <span class='ocrx_word' id='word_1_162' title='bbox 1932 1422 2102 1471; x_wconf 90' lang='lat' dir='ltr'>urbem</span> 
     </span>
     <span class='ocr_line' id='line_1_20' title="bbox 349 1487 2102 1557; baseline 0.005 -24"><span class='ocrx_word' id='word_1_163' title='bbox 349 1492 421 1534; x_wconf 83' lang='lat' dir='ltr'>est</span> <span class='ocrx_word' id='word_1_164' title='bbox 453 1487 703 1549; x_wconf 82' lang='lat' dir='ltr'>ingressus</span> <span class='ocrx_word' id='word_1_165' title='bbox 739 1488 932 1544; x_wconf 88' lang='lat' dir='ltr'>consul,</span> <span class='ocrx_word' id='word_1_166' title='bbox 971 1503 1071 1536; x_wconf 91' lang='lat' dir='ltr'>non</span> <span class='ocrx_word' id='word_1_167' title='bbox 1109 1489 1166 1538; x_wconf 87' lang='lat' dir='ltr'>ab</span> <span class='ocrx_word' id='word_1_168' title='bbox 1207 1505 1260 1538; x_wconf 89' lang='lat' dir='ltr'>se</span> <span class='ocrx_word' id='word_1_169' title='bbox 1293 1492 1446 1554; x_wconf 89' lang='lat' dir='ltr'>magis</span> <span class='ocrx_word' id='word_1_170' title='bbox 1482 1492 1618 1540; x_wconf 88' lang='lat' dir='ltr'>enixe</span> <span class='ocrx_word' id='word_1_171' title='bbox 1655 1507 1885 1541; x_wconf 89' lang='lat' dir='ltr'>amovens</span> <span class='ocrx_word' id='word_1_172' title='bbox 1913 1492 2102 1557; x_wconf 89' lang='lat' dir='ltr'>culpam</span> 
     </span>
    </p>
   </div>
   <div class='ocr_carea' id='block_1_5' title="bbox 334 1623 1181 3301">
    <p class='ocr_par' dir='ltr' id='par_1_5' title="bbox 337 1623 1181 2965">
     <span class='ocr_line' id='line_1_21' title="bbox 349 1623 1181 1667; baseline 0.005 -4"><span class='ocrx_word' id='word_1_173' title='bbox 349 1623 478 1664; x_wconf 82' lang='lat' dir='ltr'>tanda</span> <span class='ocrx_word' id='word_1_174' title='bbox 506 1631 731 1664; x_wconf 83' lang='lat' dir='ltr'>erwarten.</span> <span class='ocrx_word' id='word_1_175' title='bbox 773 1625 911 1666; x_wconf 90' lang='lat' dir='ltr'>Ueber</span> <span class='ocrx_word' id='word_1_176' title='bbox 940 1626 1015 1665; x_wconf 91' lang='lat' dir='ltr'>den</span> <span class='ocrx_word' id='word_1_177' title='bbox 1050 1629 1181 1667; x_wconf 90' lang='lat' dir='ltr'>weni-</span> 
     </span>
     <span class='ocr_line' id='line_1_22' title="bbox 347 1680 1180 1736; baseline 0.006 -17"><span class='ocrx_word' id='word_1_178' title='bbox 347 1693 422 1731; x_wconf 82' lang='lat' dir='ltr'>ger</span> <span class='ocrx_word' id='word_1_179' title='bbox 450 1694 635 1730; x_wconf 85' lang='lat' dir='ltr'>genauen</span> <span class='ocrx_word' id='word_1_180' title='bbox 662 1680 878 1721; x_wconf 88' lang='lat' dir='ltr'>Gebrauch</span> <span class='ocrx_word' id='word_1_181' title='bbox 908 1696 986 1721; x_wconf 87' lang='lat' dir='ltr'>von</span> <span class='ocrx_word' id='word_1_182' title='bbox 1019 1697 1180 1736; x_wconf 81' lang='lat' dir='ltr'>quoque</span> 
     </span>
     <span class='ocr_line' id='line_1_23' title="bbox 346 1736 1175 1789; baseline 0.005 -14"><span class='ocrx_word' id='word_1_183' title='bbox 346 1750 378 1775; x_wconf 87' lang='lat' dir='ltr'>s.</span> <span class='ocrx_word' id='word_1_184' title='bbox 403 1736 477 1785; x_wconf 91' lang='lat'>23,</span> <span class='ocrx_word' id='word_1_185' title='bbox 501 1737 574 1785; x_wconf 98' lang='lat'>21,</span> <span class='ocrx_word' id='word_1_186' title='bbox 599 1738 644 1786; x_wconf 76' lang='grc' dir='ltr'>ὃς</span> <span class='ocrx_word' id='word_1_187' title='bbox 667 1737 741 1787; x_wconf 86' lang='grc'>22,</span> <span class='ocrx_word' id='word_1_188' title='bbox 767 1739 812 1789; x_wconf 83' lang='lat'>7,</span> <span class='ocrx_word' id='word_1_189' title='bbox 837 1739 884 1787; x_wconf 83' lang='lat'>53</span> <span class='ocrx_word' id='word_1_190' title='bbox 916 1739 968 1778; x_wconf 90' lang='lat' dir='ltr'>ib.</span> <span class='ocrx_word' id='word_1_191' title='bbox 997 1739 1067 1788; x_wconf 79' lang='lat'>14,</span> <span class='ocrx_word' id='word_1_192' title='bbox 1102 1742 1175 1789; x_wconf 72' lang='lat'>153</span> 
     </span>
     <span class='ocr_line' id='line_1_24' title="bbox 345 1792 1176 1847; baseline 0.005 -16"><span class='ocrx_word' id='word_1_193' title='bbox 345 1794 416 1844; x_wconf 90' lang='lat'>25,</span> <span class='ocrx_word' id='word_1_194' title='bbox 445 1792 514 1841; x_wconf 86' lang='lat'>16,</span> <span class='ocrx_word' id='word_1_195' title='bbox 541 1793 613 1842; x_wconf 79' lang='lat'>113</span> <span class='ocrx_word' id='word_1_196' title='bbox 638 1794 709 1846; x_wconf 88' lang='lat'>33,</span> <span class='ocrx_word' id='word_1_197' title='bbox 735 1793 809 1844; x_wconf 81' lang='lat'>34,</span> <span class='ocrx_word' id='word_1_198' title='bbox 840 1793 887 1842; x_wconf 75' lang='grc' dir='ltr'>ὃς</span> <span class='ocrx_word' id='word_1_199' title='bbox 921 1795 992 1847; x_wconf 87' lang='lat'>35,</span> <span class='ocrx_word' id='word_1_200' title='bbox 1023 1795 1098 1847; x_wconf 83' lang='lat'>39,</span> <span class='ocrx_word' id='word_1_201' title='bbox 1133 1797 1176 1846; x_wconf 80' lang='lat'>13</span> 
     </span>
     <span class='ocr_line' id='line_1_25' title="bbox 344 1848 1175 1901; baseline 0.006 -14"><span class='ocrx_word' id='word_1_202' title='bbox 344 1849 419 1898; x_wconf 64' lang='lat'>35,</span> <span class='ocrx_word' id='word_1_203' title='bbox 456 1848 524 1900; x_wconf 91' lang='lat'>13,</span> <span class='ocrx_word' id='word_1_204' title='bbox 552 1850 624 1898; x_wconf 81' lang='grc' dir='ltr'>1ος</span> <span class='ocrx_word' id='word_1_205' title='bbox 647 1850 694 1901; x_wconf 85' lang='grc'>4,</span> <span class='ocrx_word' id='word_1_206' title='bbox 718 1851 792 1901; x_wconf 81' lang='lat'>44,</span> <span class='ocrx_word' id='word_1_207' title='bbox 817 1850 854 1889; x_wconf 89' lang='lat'>9.</span> <span class='ocrx_word' id='word_1_208' title='bbox 894 1850 1021 1890; x_wconf 90' lang='lat' dir='ltr'>Gron.</span> <span class='ocrx_word' id='word_1_209' title='bbox 1045 1865 1175 1892; x_wconf 86' lang='lat' dir='ltr'>verm.</span> 
     </span>
     <span class='ocr_line' id='line_1_26' title="bbox 340 1908 1173 1959; baseline 0.005 -15"><span class='ocrx_word' id='word_1_210' title='bbox 340 1908 558 1958; x_wconf 77' lang='lat' dir='ltr'>pensitare</span> <span class='ocrx_word' id='word_1_211' title='bbox 602 1920 638 1958; x_wconf 87' lang='lat' dir='ltr'>q.</span> <span class='ocrx_word' id='word_1_212' title='bbox 678 1930 706 1934; x_wconf 96' lang='lat'><strong>—</strong></span> <span class='ocrx_word' id='word_1_213' title='bbox 745 1909 894 1959; x_wconf 70' lang='lat' dir='ltr'>magni</span> <span class='ocrx_word' id='word_1_214' title='bbox 958 1911 1090 1948; x_wconf 74' lang='lat' dir='ltr'>animi</span> <span class='ocrx_word' id='word_1_215' title='bbox 1134 1923 1173 1948; x_wconf 93' lang='lat' dir='ltr'>a.</span> 
     </span>
     <span class='ocr_line' id='line_1_27' title="bbox 343 1963 1175 2013; baseline 0.006 -14"><span class='ocrx_word' id='word_1_216' title='bbox 343 1964 506 2013; x_wconf 73' lang='lat' dir='ltr'>ingenii</span> <span class='ocrx_word' id='word_1_217' title='bbox 545 1976 645 2013; x_wconf 79' lang='lat' dir='ltr'>ess.,</span> <span class='ocrx_word' id='word_1_218' title='bbox 689 1975 776 2002; x_wconf 80' lang='lat' dir='ltr'>was</span> <span class='ocrx_word' id='word_1_219' title='bbox 818 1965 906 2002; x_wconf 86' lang='lat' dir='ltr'>dem</span> <span class='ocrx_word' id='word_1_220' title='bbox 950 1963 1175 2004; x_wconf 86' lang='lat' dir='ltr'>Gedanken</span> 
     </span>
     <span class='ocr_line' id='line_1_28' title="bbox 342 2018 1175 2074; baseline 0.006 -18"><span class='ocrx_word' id='word_1_221' title='bbox 342 2019 583 2070; x_wconf 83' lang='lat' dir='ltr'>entspricht,</span> <span class='ocrx_word' id='word_1_222' title='bbox 603 2018 791 2070; x_wconf 86' lang='lat' dir='ltr'>s.22,5l,</span> <span class='ocrx_word' id='word_1_223' title='bbox 806 2018 851 2067; x_wconf 85' lang='lat'>33</span> <span class='ocrx_word' id='word_1_224' title='bbox 873 2019 1039 2071; x_wconf 83' lang='lat' dir='ltr'>Madvig</span> <span class='ocrx_word' id='word_1_225' title='bbox 1057 2035 1175 2074; x_wconf 82' lang='lat' dir='ltr'>quae,</span> 
     </span>
     <span class='ocr_line' id='line_1_29' title="bbox 340 2074 1176 2128; baseline 0.006 -16"><span class='ocrx_word' id='word_1_226' title='bbox 340 2074 592 2128; x_wconf 75' lang='lat' dir='ltr'>pensitanda</span> <span class='ocrx_word' id='word_1_227' title='bbox 608 2088 742 2127; x_wconf 60' lang='lat' dir='ltr'>quoq„</span> <span class='ocrx_word' id='word_1_228' title='bbox 754 2078 936 2126; x_wconf 81' lang='lat' dir='ltr'>-magm&#39;</span> <span class='ocrx_word' id='word_1_229' title='bbox 948 2082 1025 2116; x_wconf 84' lang='lat' dir='ltr'>etc.</span> <span class='ocrx_word' id='word_1_230' title='bbox 1039 2096 1064 2110; x_wconf 91' lang='lat'>=</span> <span class='ocrx_word' id='word_1_231' title='bbox 1077 2079 1176 2117; x_wconf 82' lang='lat' dir='ltr'>wel·</span> 
     </span>
     <span class='ocr_line' id='line_1_30' title="bbox 342 2131 1173 2185; baseline 0.007 -18"><span class='ocrx_word' id='word_1_232' title='bbox 342 2131 431 2180; x_wconf 83' lang='lat' dir='ltr'>che,</span> <span class='ocrx_word' id='word_1_233' title='bbox 453 2133 552 2169; x_wconf 84' lang='lat' dir='ltr'>auch</span> <span class='ocrx_word' id='word_1_234' title='bbox 575 2145 651 2169; x_wconf 87' lang='lat' dir='ltr'>nur</span> <span class='ocrx_word' id='word_1_235' title='bbox 668 2146 717 2169; x_wconf 90' lang='lat' dir='ltr'>zu</span> <span class='ocrx_word' id='word_1_236' title='bbox 744 2133 1173 2185; x_wconf 69' lang='lat' dir='ltr'>ihr-ersseurtheilung,</span> 
     </span>
     <span class='ocr_line' id='line_1_31' title="bbox 342 2186 1173 2239; baseline 0.006 -15"><span class='ocrx_word' id='word_1_237' title='bbox 342 2187 458 2224; x_wconf 87' lang='lat' dir='ltr'>einen</span> <span class='ocrx_word' id='word_1_238' title='bbox 511 2200 683 2236; x_wconf 82' lang='lat' dir='ltr'>grossen</span> <span class='ocrx_word' id='word_1_239' title='bbox 728 2186 845 2227; x_wconf 88' lang='lat' dir='ltr'>Geist</span> <span class='ocrx_word' id='word_1_240' title='bbox 887 2188 1173 2239; x_wconf 79' lang='lat' dir='ltr'>erforderten3</span> 
     </span>
     <span class='ocr_line' id='line_1_32' title="bbox 341 2243 1171 2285; baseline 0.006 -5"><span class='ocrx_word' id='word_1_241' title='bbox 341 2243 441 2280; x_wconf 88' lang='lat' dir='ltr'>doch</span> <span class='ocrx_word' id='word_1_242' title='bbox 486 2244 646 2282; x_wconf 79' lang='lat' dir='ltr'>srheint</span> <span class='ocrx_word' id='word_1_243' title='bbox 688 2256 732 2282; x_wconf 85' lang='lat' dir='ltr'>es</span> <span class='ocrx_word' id='word_1_244' title='bbox 779 2244 1019 2284; x_wconf 78' lang='lat' dir='ltr'>bedenklich</span> <span class='ocrx_word' id='word_1_245' title='bbox 1071 2248 1171 2285; x_wconf 85' lang='lat' dir='ltr'>nach</span> 
     </span>
     <span class='ocr_line' id='line_1_33' title="bbox 341 2298 1172 2353; baseline 0.007 -17"><span class='ocrx_word' id='word_1_246' title='bbox 341 2299 456 2337; x_wconf 86' lang='lat' dir='ltr'>einer</span> <span class='ocrx_word' id='word_1_247' title='bbox 498 2298 781 2349; x_wconf 84' lang='lat' dir='ltr'>Vermuthung</span> <span class='ocrx_word' id='word_1_248' title='bbox 822 2302 913 2340; x_wconf 88' lang='lat' dir='ltr'>eine</span> <span class='ocrx_word' id='word_1_249' title='bbox 956 2315 1000 2341; x_wconf 91' lang='lat' dir='ltr'>so</span> <span class='ocrx_word' id='word_1_250' title='bbox 1043 2316 1172 2353; x_wconf 87' lang='lat' dir='ltr'>unge-</span> 
     </span>
     <span class='ocr_line' id='line_1_34' title="bbox 340 2355 1172 2409; baseline 0.008 -18"><span class='ocrx_word' id='word_1_251' title='bbox 340 2355 1172 2409; x_wconf 62' lang='lat' dir='ltr'>wtihnlicheVerbindungaufzunehmen,</span> 
     </span>
     <span class='ocr_line' id='line_1_35' title="bbox 339 2411 1171 2464; baseline 0.006 -16"><span class='ocrx_word' id='word_1_252' title='bbox 339 2411 568 2450; x_wconf 70' lang='lat' dir='ltr'>lmsonders</span> <span class='ocrx_word' id='word_1_253' title='bbox 592 2413 638 2450; x_wconf 86' lang='lat' dir='ltr'>da</span> <span class='ocrx_word' id='word_1_254' title='bbox 672 2413 857 2452; x_wconf 68' lang='lat' dir='ltr'>{ihnliche</span> <span class='ocrx_word' id='word_1_255' title='bbox 880 2414 1060 2464; x_wconf 78' lang='lat' dir='ltr'>stenen,</span> <span class='ocrx_word' id='word_1_256' title='bbox 1093 2416 1171 2454; x_wconf 85' lang='lat' dir='ltr'>wie</span> 
     </span>
     <span class='ocr_line' id='line_1_36' title="bbox 339 2466 1168 2522; baseline 0.007 -20"><span class='ocrx_word' id='word_1_257' title='bbox 339 2466 385 2515; x_wconf 76' lang='lat' dir='ltr'>G,</span> <span class='ocrx_word' id='word_1_258' title='bbox 416 2467 465 2504; x_wconf 78' lang='lat'>37</span> <span class='ocrx_word' id='word_1_259' title='bbox 482 2498 491 2516; x_wconf 94' lang='lat'>,</span> <span class='ocrx_word' id='word_1_260' title='bbox 535 2468 546 2505; x_wconf 91' lang='lat'>1</span> <span class='ocrx_word' id='word_1_261' title='bbox 564 2468 576 2505; x_wconf 98' lang='grc'>1</span> <span class='ocrx_word' id='word_1_262' title='bbox 596 2483 602 2506; x_wconf 93' lang='lat'>:</span> <span class='ocrx_word' id='word_1_263' title='bbox 621 2469 818 2520; x_wconf 73' lang='lat' dir='ltr'>fruenda</span> <span class='ocrx_word' id='word_1_264' title='bbox 838 2492 865 2497; x_wconf 92' lang='lat'><strong>—</strong></span> <span class='ocrx_word' id='word_1_265' title='bbox 887 2470 1168 2522; x_wconf 70' lang='lat' dir='ltr'>relinquenda,</span> 
     </span>
     <span class='ocr_line' id='line_1_37' title="bbox 340 2522 1171 2575; baseline 0.006 -16"><span class='ocrx_word' id='word_1_266' title='bbox 340 2522 378 2567; x_wconf 79' lang='lat'>7,</span> <span class='ocrx_word' id='word_1_267' title='bbox 401 2522 467 2570; x_wconf 88' lang='lat'>32,</span> <span class='ocrx_word' id='word_1_268' title='bbox 495 2523 564 2562; x_wconf 86' lang='lat'>11:</span> <span class='ocrx_word' id='word_1_269' title='bbox 586 2524 835 2572; x_wconf 74' lang='lat' dir='ltr'>audiendus,</span> <span class='ocrx_word' id='word_1_270' title='bbox 860 2526 946 2564; x_wconf 84' lang='lat' dir='ltr'>dem</span> <span class='ocrx_word' id='word_1_271' title='bbox 972 2528 1171 2575; x_wconf 78' lang='lat' dir='ltr'>gewb&#39;hn-</span> 
     </span>
     <span class='ocr_line' id='line_1_38' title="bbox 337 2578 1169 2620; baseline 0.006 -5"><span class='ocrx_word' id='word_1_272' title='bbox 337 2578 469 2616; x_wconf 81' lang='lat' dir='ltr'>lichen</span> <span class='ocrx_word' id='word_1_273' title='bbox 523 2579 764 2618; x_wconf 77' lang='lat' dir='ltr'>Gebrauche</span> <span class='ocrx_word' id='word_1_274' title='bbox 822 2582 892 2619; x_wconf 77' lang='lat' dir='ltr'>des</span> <span class='ocrx_word' id='word_1_275' title='bbox 944 2581 1169 2620; x_wconf 87' lang='lat' dir='ltr'>Gerundiv.</span> 
     </span>
     <span class='ocr_line' id='line_1_39' title="bbox 340 2635 1168 2677; baseline 0.001 -5"><span class='ocrx_word' id='word_1_276' title='bbox 340 2635 470 2672; x_wconf 71' lang='lat' dir='ltr'>niiher</span> <span class='ocrx_word' id='word_1_277' title='bbox 511 2636 669 2673; x_wconf 84' lang='lat' dir='ltr'>steben.</span> <span class='ocrx_word' id='word_1_278' title='bbox 710 2657 764 2664; x_wconf 89' lang='lat'>—</span> <span class='ocrx_word' id='word_1_279' title='bbox 804 2637 1045 2677; x_wconf 72' lang='lat' dir='ltr'>adleorlaat.</span> <span class='ocrx_word' id='word_1_280' title='bbox 1090 2638 1168 2675; x_wconf 76' lang='lat' dir='ltr'>Be-</span> 
     </span>
     <span class='ocr_line' id='line_1_40' title="bbox 338 2691 1167 2742; baseline 0.005 -15"><span class='ocrx_word' id='word_1_281' title='bbox 338 2691 558 2739; x_wconf 81' lang='lat' dir='ltr'>stimmung</span> <span class='ocrx_word' id='word_1_282' title='bbox 588 2704 636 2728; x_wconf 88' lang='lat' dir='ltr'>zu</span> <span class='ocrx_word' id='word_1_283' title='bbox 669 2696 925 2739; x_wconf 70' lang='lat' dir='ltr'>versantem,</span> <span class='ocrx_word' id='word_1_284' title='bbox 964 2706 995 2730; x_wconf 93' lang='lat' dir='ltr'>s.</span> <span class='ocrx_word' id='word_1_285' title='bbox 1031 2693 1067 2742; x_wconf 96' lang='grc'>1,</span> <span class='ocrx_word' id='word_1_286' title='bbox 1101 2694 1167 2740; x_wconf 87' lang='grc'>21,</span> 
     </span>
     <span class='ocr_line' id='line_1_41' title="bbox 341 2745 1166 2800; baseline 0.004 -16"><span class='ocrx_word' id='word_1_287' title='bbox 341 2745 375 2784; x_wconf 89' lang='grc'>1.</span> <span class='ocrx_word' id='word_1_288' title='bbox 395 2768 447 2773; x_wconf 91' lang='lat'>—-</span> <span class='ocrx_word' id='word_1_289' title='bbox 466 2748 604 2797; x_wconf 77' lang='lat' dir='ltr'>signa,</span> <span class='ocrx_word' id='word_1_290' title='bbox 628 2747 693 2784; x_wconf 85' lang='lat' dir='ltr'>die</span> <span class='ocrx_word' id='word_1_291' title='bbox 713 2747 877 2785; x_wconf 75' lang='lat' dir='ltr'>Fahnen</span> <span class='ocrx_word' id='word_1_292' title='bbox 897 2749 970 2786; x_wconf 71' lang='lat' dir='ltr'>der</span> <span class='ocrx_word' id='word_1_293' title='bbox 990 2748 1166 2800; x_wconf 77' lang='lat' dir='ltr'>Manipel</span> 
     </span>
     <span class='ocr_line' id='line_1_42' title="bbox 337 2803 1167 2856; baseline 0.004 -16"><span class='ocrx_word' id='word_1_294' title='bbox 337 2807 439 2841; x_wconf 79' lang='lat' dir='ltr'>statt</span> <span class='ocrx_word' id='word_1_295' title='bbox 461 2803 600 2841; x_wconf 81' lang='lat' dir='ltr'>dieser</span> <span class='ocrx_word' id='word_1_296' title='bbox 628 2803 778 2841; x_wconf 80' lang='lat' dir='ltr'>selbst:</span> <span class='ocrx_word' id='word_1_297' title='bbox 804 2805 867 2841; x_wconf 84' lang='lat' dir='ltr'>die</span> <span class='ocrx_word' id='word_1_298' title='bbox 893 2804 1067 2856; x_wconf 72' lang='lat' dir='ltr'>Manipel</span> <span class='ocrx_word' id='word_1_299' title='bbox 1094 2819 1167 2843; x_wconf 87' lang='lat' dir='ltr'>un—</span> 
     </span>
     <span class='ocr_line' id='line_1_43' title="bbox 337 2858 1164 2907; baseline 0.005 -11"><span class='ocrx_word' id='word_1_300' title='bbox 337 2864 402 2897; x_wconf 87' lang='lat' dir='ltr'>ter</span> <span class='ocrx_word' id='word_1_301' title='bbox 425 2859 536 2896; x_wconf 76' lang='lat' dir='ltr'>ihren</span> <span class='ocrx_word' id='word_1_302' title='bbox 564 2858 748 2907; x_wconf 81' lang='lat' dir='ltr'>Fahnen,</span> <span class='ocrx_word' id='word_1_303' title='bbox 772 2872 803 2897; x_wconf 91' lang='lat' dir='ltr'>s.</span> <span class='ocrx_word' id='word_1_304' title='bbox 828 2860 899 2905; x_wconf 64' lang='lat'>23,</span> <span class='ocrx_word' id='word_1_305' title='bbox 931 2861 997 2906; x_wconf 71' lang='lat'>14,</span> <span class='ocrx_word' id='word_1_306' title='bbox 1028 2861 1089 2900; x_wconf 62' lang='lat'>15.</span> <span class='ocrx_word' id='word_1_307' title='bbox 1111 2884 1164 2889; x_wconf 90' lang='lat'><em>—</em></span> 
     </span>
     <span class='ocr_line' id='line_1_44' title="bbox 338 2914 940 2965; baseline 0.002 -12"><span class='ocrx_word' id='word_1_308' title='bbox 338 2918 542 2964; x_wconf 74' lang='lat' dir='ltr'>tenuerat,</span> <span class='ocrx_word' id='word_1_309' title='bbox 563 2914 601 2965; x_wconf 88' lang='grc'>3,</span> <span class='ocrx_word' id='word_1_310' title='bbox 627 2915 664 2963; x_wconf 86' lang='grc'>2,</span> <span class='ocrx_word' id='word_1_311' title='bbox 687 2914 730 2953; x_wconf 89' lang='lat'>3:</span> <span class='ocrx_word' id='word_1_312' title='bbox 755 2915 940 2954; x_wconf 75' lang='lat' dir='ltr'>dederat.</span> 
     </span>
    </p>

    <p class='ocr_par' dir='ltr' id='par_1_6' title="bbox 334 2971 1170 3301">
     <span class='ocr_line' id='line_1_45' title="bbox 393 2971 1170 3023; baseline 0.003 -14"><span class='ocrx_word' id='word_1_313' title='bbox 393 2971 430 3010; x_wconf 85' lang='lat'>7.</span> <span class='ocrx_word' id='word_1_314' title='bbox 463 2975 784 3023; x_wconf 71' lang='lat' dir='ltr'>precantemque</span> <span class='ocrx_word' id='word_1_315' title='bbox 804 2973 901 3021; x_wconf 80' lang='lat' dir='ltr'>geht</span> <span class='ocrx_word' id='word_1_316' title='bbox 923 2973 1075 3010; x_wconf 78' lang='lat' dir='ltr'>wieder</span> <span class='ocrx_word' id='word_1_317' title='bbox 1097 2972 1170 3011; x_wconf 82' lang='lat' dir='ltr'>aus</span> 
     </span>
     <span class='ocr_line' id='line_1_46' title="bbox 334 3026 1162 3077; baseline 0.004 -13"><span class='ocrx_word' id='word_1_318' title='bbox 334 3026 360 3077; x_wconf 61' lang='grc' dir='ltr'>ξ</span> <span class='ocrx_word' id='word_1_319' title='bbox 388 3027 426 3064; x_wconf 94' lang='lat' dir='ltr'>l:</span> <span class='ocrx_word' id='word_1_320' title='bbox 450 3027 602 3066; x_wconf 70' lang='lat' dir='ltr'>dicitur</span> <span class='ocrx_word' id='word_1_321' title='bbox 626 3027 802 3074; x_wconf 81' lang='lat' dir='ltr'>zuriick,</span> <span class='ocrx_word' id='word_1_322' title='bbox 826 3029 879 3066; x_wconf 85' lang='lat' dir='ltr'>ist</span> <span class='ocrx_word' id='word_1_323' title='bbox 901 3028 1000 3066; x_wconf 75' lang='lat' dir='ltr'>aber</span> <span class='ocrx_word' id='word_1_324' title='bbox 1023 3042 1066 3066; x_wconf 86' lang='lat' dir='ltr'>so</span> <span class='ocrx_word' id='word_1_325' title='bbox 1090 3042 1162 3067; x_wconf 85' lang='lat' dir='ltr'>an-</span> 
     </span>
     <span class='ocr_line' id='line_1_47' title="bbox 336 3081 1160 3135; baseline 0.004 -15"><span class='ocrx_word' id='word_1_326' title='bbox 336 3081 551 3134; x_wconf 75' lang='lat' dir='ltr'>gekniipst,</span> <span class='ocrx_word' id='word_1_327' title='bbox 588 3084 650 3122; x_wconf 82' lang='lat' dir='ltr'>als</span> <span class='ocrx_word' id='word_1_328' title='bbox 674 3084 723 3122; x_wconf 82' lang='lat' dir='ltr'>ob</span> <span class='ocrx_word' id='word_1_329' title='bbox 746 3083 889 3123; x_wconf 81' lang='lat' dir='ltr'>dicunt</span> <span class='ocrx_word' id='word_1_330' title='bbox 911 3085 1080 3134; x_wconf 74' lang='lat' dir='ltr'>stiinde,</span> <span class='ocrx_word' id='word_1_331' title='bbox 1123 3086 1160 3135; x_wconf 84' lang='lat'>2,</span> 
     </span>
     <span class='ocr_line' id='line_1_48' title="bbox 335 3138 1161 3190; baseline 0.004 -14"><span class='ocrx_word' id='word_1_332' title='bbox 335 3140 373 3187; x_wconf 86' lang='lat'>5,</span> <span class='ocrx_word' id='word_1_333' title='bbox 398 3138 445 3186; x_wconf 83' lang='lat'>33</span> <span class='ocrx_word' id='word_1_334' title='bbox 478 3141 514 3189; x_wconf 88' lang='lat'>5,</span> <span class='ocrx_word' id='word_1_335' title='bbox 538 3140 603 3187; x_wconf 77' lang='lat'>-11,</span> <span class='ocrx_word' id='word_1_336' title='bbox 627 3140 664 3178; x_wconf 81' lang='lat'>9.</span> <span class='ocrx_word' id='word_1_337' title='bbox 689 3162 743 3168; x_wconf 90' lang='lat'>—</span> <span class='ocrx_word' id='word_1_338' title='bbox 764 3140 1060 3190; x_wconf 73' lang='lat' dir='ltr'>moderatione,</span> <span class='ocrx_word' id='word_1_339' title='bbox 1087 3141 1161 3179; x_wconf 89' lang='lat' dir='ltr'>Be-</span> 
     </span>
     <span class='ocr_line' id='line_1_49' title="bbox 335 3195 1163 3247; baseline 0.002 -15"><span class='ocrx_word' id='word_1_340' title='bbox 335 3195 618 3234; x_wconf 83' lang='lat' dir='ltr'>scheidenheit</span> <span class='ocrx_word' id='word_1_341' title='bbox 657 3196 692 3234; x_wconf 92' lang='lat' dir='ltr'>in</span> <span class='ocrx_word' id='word_1_342' title='bbox 732 3197 804 3236; x_wconf 88' lang='lat' dir='ltr'>der</span> <span class='ocrx_word' id='word_1_343' title='bbox 842 3196 1163 3247; x_wconf 73' lang='lat' dir='ltr'>Beschr&#39;zinkung</span> 
     </span>
     <span class='ocr_line' id='line_1_50' title="bbox 335 3251 1161 3301; baseline 0.005 -13"><span class='ocrx_word' id='word_1_344' title='bbox 335 3251 406 3289; x_wconf 89' lang='lat' dir='ltr'>des</span> <span class='ocrx_word' id='word_1_345' title='bbox 444 3252 612 3301; x_wconf 82' lang='lat' dir='ltr'>eigenen</span> <span class='ocrx_word' id='word_1_346' title='bbox 637 3251 772 3291; x_wconf 86' lang='lat' dir='ltr'>Lobes</span> <span class='ocrx_word' id='word_1_347' title='bbox 807 3253 887 3292; x_wconf 90' lang='lat' dir='ltr'>und</span> <span class='ocrx_word' id='word_1_348' title='bbox 925 3253 999 3292; x_wconf 90' lang='lat' dir='ltr'>der</span> <span class='ocrx_word' id='word_1_349' title='bbox 1029 3253 1161 3292; x_wconf 78' lang='lat' dir='ltr'>Aner-</span> 
     </span>
    </p>
   </div>
   <div class='ocr_carea' id='block_1_6' title="bbox 1251 1628 2102 3308">
    <p class='ocr_par' dir='ltr' id='par_1_7' title="bbox 1267 1628 2102 1905">
     <span class='ocr_line' id='line_1_51' title="bbox 1270 1628 2101 1683; baseline 0.005 -16"><span class='ocrx_word' id='word_1_350' title='bbox 1270 1629 1464 1680; x_wconf 81' lang='lat' dir='ltr'>kennung</span> <span class='ocrx_word' id='word_1_351' title='bbox 1484 1628 1664 1670; x_wconf 82' lang='lat' dir='ltr'>fremder</span> <span class='ocrx_word' id='word_1_352' title='bbox 1686 1629 1958 1683; x_wconf 86' lang='lat' dir='ltr'>Verdienste,</span> <span class='ocrx_word' id='word_1_353' title='bbox 1994 1628 2101 1671; x_wconf 82' lang='lat' dir='ltr'>fasst</span> 
     </span>
     <span class='ocr_line' id='line_1_52' title="bbox 1270 1686 2100 1740; baseline 0.005 -17"><span class='ocrx_word' id='word_1_354' title='bbox 1270 1686 1309 1724; x_wconf 93' lang='lat' dir='ltr'>in</span> <span class='ocrx_word' id='word_1_355' title='bbox 1341 1686 1458 1725; x_wconf 86' lang='lat' dir='ltr'>einen</span> <span class='ocrx_word' id='word_1_356' title='bbox 1482 1686 1642 1736; x_wconf 85' lang='lat' dir='ltr'>Begriff</span> <span class='ocrx_word' id='word_1_357' title='bbox 1666 1699 1922 1738; x_wconf 87' lang='lat' dir='ltr'>zusammen,</span> <span class='ocrx_word' id='word_1_358' title='bbox 1958 1699 2045 1727; x_wconf 85' lang='lat' dir='ltr'>was</span> <span class='ocrx_word' id='word_1_359' title='bbox 2073 1686 2100 1740; x_wconf 65' lang='grc' dir='ltr'>ξ</span> 
     </span>
     <span class='ocr_line' id='line_1_53' title="bbox 1272 1741 2099 1794; baseline 0.002 -14"><span class='ocrx_word' id='word_1_360' title='bbox 1272 1741 1315 1780; x_wconf 80' lang='lat'>1:</span> <span class='ocrx_word' id='word_1_361' title='bbox 1344 1755 1427 1781; x_wconf 85' lang='lat' dir='ltr'>non</span> <span class='ocrx_word' id='word_1_362' title='bbox 1450 1745 1541 1782; x_wconf 75' lang='lat' dir='ltr'>suis</span> <span class='ocrx_word' id='word_1_363' title='bbox 1560 1766 1588 1771; x_wconf 87' lang='lat'>—</span> <span class='ocrx_word' id='word_1_364' title='bbox 1609 1743 1720 1783; x_wconf 73' lang='lat' dir='ltr'>laeta</span> <span class='ocrx_word' id='word_1_365' title='bbox 1741 1744 1893 1791; x_wconf 85' lang='lat' dir='ltr'>heisst3</span> <span class='ocrx_word' id='word_1_366' title='bbox 1930 1743 2002 1794; x_wconf 91' lang='lat'>10,</span> <span class='ocrx_word' id='word_1_367' title='bbox 2034 1742 2099 1794; x_wconf 90' lang='lat'>13,</span> 
     </span>
     <span class='ocr_line' id='line_1_54' title="bbox 1268 1799 2102 1840; baseline 0.005 -4"><span class='ocrx_word' id='word_1_368' title='bbox 1268 1800 1312 1836; x_wconf 74' lang='grc' dir='ltr'>δε</span> <span class='ocrx_word' id='word_1_369' title='bbox 1354 1800 1529 1838; x_wconf 83' lang='lat' dir='ltr'>acuebat</span> <span class='ocrx_word' id='word_1_370' title='bbox 1562 1799 1640 1838; x_wconf 81' lang='lat' dir='ltr'>hac</span> <span class='ocrx_word' id='word_1_371' title='bbox 1683 1799 1971 1840; x_wconf 81' lang='lat' dir='ltr'>moderatione</span> <span class='ocrx_word' id='word_1_372' title='bbox 2013 1802 2102 1840; x_wconf 80' lang='lat' dir='ltr'>tam</span> 
     </span>
     <span class='ocr_line' id='line_1_55' title="bbox 1267 1855 1779 1905; baseline 0.002 -12"><span class='ocrx_word' id='word_1_373' title='bbox 1267 1857 1383 1893; x_wconf 67' lang='lat' dir='ltr'>iusta</span> <span class='ocrx_word' id='word_1_374' title='bbox 1404 1855 1562 1902; x_wconf 77' lang='lat' dir='ltr'>stadia,</span> <span class='ocrx_word' id='word_1_375' title='bbox 1586 1855 1624 1904; x_wconf 82' lang='lat'>6,</span> <span class='ocrx_word' id='word_1_376' title='bbox 1649 1856 1716 1905; x_wconf 79' lang='lat'>25,</span> <span class='ocrx_word' id='word_1_377' title='bbox 1742 1855 1779 1895; x_wconf 88' lang='grc'>6.</span> 
     </span>
    </p>

    <p class='ocr_par' dir='ltr' id='par_1_8' title="bbox 1251 1909 2100 3308">
     <span class='ocr_line' id='line_1_56' title="bbox 1324 1909 2100 1961; baseline 0.003 -13"><span class='ocrx_word' id='word_1_378' title='bbox 1324 1909 1361 1949; x_wconf 80' lang='grc'>8.</span> <span class='ocrx_word' id='word_1_379' title='bbox 1404 1913 1471 1950; x_wconf 73' lang='lat' dir='ltr'>via</span> <span class='ocrx_word' id='word_1_380' title='bbox 1492 1910 1646 1961; x_wconf 62' lang='lat' dir='ltr'>Labie„</span> <span class='ocrx_word' id='word_1_381' title='bbox 1669 1912 1783 1951; x_wconf 85' lang='lat' dir='ltr'>diese</span> <span class='ocrx_word' id='word_1_382' title='bbox 1806 1912 1944 1951; x_wconf 81' lang='lat' dir='ltr'>ffihrte</span> <span class='ocrx_word' id='word_1_383' title='bbox 1965 1911 2003 1950; x_wconf 91' lang='lat' dir='ltr'>in</span> <span class='ocrx_word' id='word_1_384' title='bbox 2027 1911 2100 1950; x_wconf 85' lang='lat' dir='ltr'>das</span> 
     </span>
     <span class='ocr_line' id='line_1_57' title="bbox 1269 1965 2100 2020; baseline 0.004 -16"><span class='ocrx_word' id='word_1_385' title='bbox 1269 1965 1417 2006; x_wconf 89' lang='lat' dir='ltr'>Gebiet</span> <span class='ocrx_word' id='word_1_386' title='bbox 1440 1968 1514 2006; x_wconf 90' lang='lat' dir='ltr'>der</span> <span class='ocrx_word' id='word_1_387' title='bbox 1531 1969 1711 2020; x_wconf 85' lang='lat' dir='ltr'>Aequer,</span> <span class='ocrx_word' id='word_1_388' title='bbox 1735 1968 1846 2007; x_wconf 86' lang='lat' dir='ltr'>nicht</span> <span class='ocrx_word' id='word_1_389' title='bbox 1868 1968 1907 2006; x_wconf 92' lang='lat' dir='ltr'>in</span> <span class='ocrx_word' id='word_1_390' title='bbox 1931 1968 2002 2006; x_wconf 86' lang='lat' dir='ltr'>das</span> <span class='ocrx_word' id='word_1_391' title='bbox 2025 1968 2100 2007; x_wconf 82' lang='lat' dir='ltr'>der</span> 
     </span>
     <span class='ocr_line' id='line_1_58' title="bbox 1267 2021 2100 2075; baseline 0.004 -15"><span class='ocrx_word' id='word_1_392' title='bbox 1267 2021 1461 2070; x_wconf 85' lang='lat' dir='ltr'>Volsker,</span> <span class='ocrx_word' id='word_1_393' title='bbox 1485 2025 1523 2062; x_wconf 91' lang='lat' dir='ltr'>in</span> <span class='ocrx_word' id='word_1_394' title='bbox 1548 2023 1638 2063; x_wconf 89' lang='lat' dir='ltr'>dem</span> <span class='ocrx_word' id='word_1_395' title='bbox 1661 2024 1727 2063; x_wconf 88' lang='lat' dir='ltr'>die</span> <span class='ocrx_word' id='word_1_396' title='bbox 1750 2024 1944 2063; x_wconf 81' lang='lat' dir='ltr'>Schiacht</span> <span class='ocrx_word' id='word_1_397' title='bbox 1963 2023 2100 2075; x_wconf 82' lang='lat' dir='ltr'>gelie-</span> 
     </span>
     <span class='ocr_line' id='line_1_59' title="bbox 1268 2076 2096 2120; baseline 0.002 -3"><span class='ocrx_word' id='word_1_398' title='bbox 1268 2076 1350 2118; x_wconf 86' lang='lat' dir='ltr'>fert</span> <span class='ocrx_word' id='word_1_399' title='bbox 1390 2080 1479 2119; x_wconf 88' lang='lat' dir='ltr'>sein</span> <span class='ocrx_word' id='word_1_400' title='bbox 1525 2080 1617 2119; x_wconf 82' lang='lat' dir='ltr'>son.</span> <span class='ocrx_word' id='word_1_401' title='bbox 1677 2079 1788 2119; x_wconf 88' lang='lat' dir='ltr'>Doch</span> <span class='ocrx_word' id='word_1_402' title='bbox 1829 2079 1984 2119; x_wconf 81' lang='lat' dir='ltr'>ko&#39;nnte</span> <span class='ocrx_word' id='word_1_403' title='bbox 2023 2080 2096 2120; x_wconf 86' lang='lat' dir='ltr'>das</span> 
     </span>
     <span class='ocr_line' id='line_1_60' title="bbox 1267 2134 2098 2187; baseline 0.002 -14"><span class='ocrx_word' id='word_1_404' title='bbox 1267 2134 1378 2173; x_wconf 87' lang='lat' dir='ltr'>Heer</span> <span class='ocrx_word' id='word_1_405' title='bbox 1414 2134 1489 2174; x_wconf 87' lang='lat' dir='ltr'>auf</span> <span class='ocrx_word' id='word_1_406' title='bbox 1515 2135 1734 2187; x_wconf 78' lang='lat' dir='ltr'>Umwegen</span> <span class='ocrx_word' id='word_1_407' title='bbox 1777 2137 1815 2176; x_wconf 90' lang='lat' dir='ltr'>in</span> <span class='ocrx_word' id='word_1_408' title='bbox 1856 2137 1930 2175; x_wconf 85' lang='lat' dir='ltr'>der</span> <span class='ocrx_word' id='word_1_409' title='bbox 1963 2134 2098 2176; x_wconf 81' lang='lat' dir='ltr'>Nacht</span> 
     </span>
     <span class='ocr_line' id='line_1_61' title="bbox 1266 2189 2093 2243; baseline 0.002 -14"><span class='ocrx_word' id='word_1_410' title='bbox 1266 2189 1450 2241; x_wconf 82' lang='lat' dir='ltr'>aufjene</span> <span class='ocrx_word' id='word_1_411' title='bbox 1474 2192 1643 2232; x_wconf 87' lang='lat' dir='ltr'>Strasse</span> <span class='ocrx_word' id='word_1_412' title='bbox 1676 2192 1843 2243; x_wconf 84' lang='lat' dir='ltr'>gelangt</span> <span class='ocrx_word' id='word_1_413' title='bbox 1872 2193 1982 2242; x_wconf 85' lang='lat' dir='ltr'>sein,</span> <span class='ocrx_word' id='word_1_414' title='bbox 2011 2191 2093 2242; x_wconf 83' lang='lat' dir='ltr'>vgl.</span> 
     </span>
     <span class='ocr_line' id='line_1_62' title="bbox 1267 2248 2096 2301; baseline 0 -15"><span class='ocrx_word' id='word_1_415' title='bbox 1267 2260 1301 2286; x_wconf 92' lang='lat' dir='ltr'>c.</span> <span class='ocrx_word' id='word_1_416' title='bbox 1325 2248 1396 2299; x_wconf 82' lang='lat'>42,</span> <span class='ocrx_word' id='word_1_417' title='bbox 1433 2249 1505 2295; x_wconf 78' lang='lat'>103</span> <span class='ocrx_word' id='word_1_418' title='bbox 1536 2249 1729 2287; x_wconf 84' lang='lat' dir='ltr'>w‘a&#39;hrend</span> <span class='ocrx_word' id='word_1_419' title='bbox 1754 2248 2002 2301; x_wconf 86' lang='lat' dir='ltr'>Tempanius</span> <span class='ocrx_word' id='word_1_420' title='bbox 2031 2248 2096 2286; x_wconf 90' lang='lat' dir='ltr'>di—</span> 
     </span>
     <span class='ocr_line' id='line_1_63' title="bbox 1266 2303 2096 2358; baseline 0 -16"><span class='ocrx_word' id='word_1_421' title='bbox 1266 2309 1368 2352; x_wconf 88' lang='lat' dir='ltr'>rect,</span> <span class='ocrx_word' id='word_1_422' title='bbox 1386 2317 1419 2343; x_wconf 92' lang='lat' dir='ltr'>c.</span> <span class='ocrx_word' id='word_1_423' title='bbox 1434 2303 1499 2351; x_wconf 77' lang='lat'>39,</span> <span class='ocrx_word' id='word_1_424' title='bbox 1519 2304 1556 2344; x_wconf 86' lang='lat'>9:</span> <span class='ocrx_word' id='word_1_425' title='bbox 1572 2305 2012 2358; x_wconf 66' lang='lat' dir='ltr'>proate‘misitineribus</span> <span class='ocrx_word' id='word_1_426' title='bbox 2024 2316 2096 2342; x_wconf 90' lang='lat' dir='ltr'>zu-</span> 
     </span>
     <span class='ocr_line' id='line_1_64' title="bbox 1266 2357 2095 2412; baseline 0.001 -15"><span class='ocrx_word' id='word_1_427' title='bbox 1266 2360 1531 2399; x_wconf 86' lang='lat' dir='ltr'>riickkebrte.</span> <span class='ocrx_word' id='word_1_428' title='bbox 1550 2383 1602 2388; x_wconf 92' lang='lat'>—</span> <span class='ocrx_word' id='word_1_429' title='bbox 1623 2360 1872 2411; x_wconf 38' lang='lat' dir='ltr'>Das-sanum</span> <span class='ocrx_word' id='word_1_430' title='bbox 1893 2357 2095 2412; x_wconf 76' lang='lat' dir='ltr'>(Kapelle,</span> 
     </span>
     <span class='ocr_line' id='line_1_65' title="bbox 1265 2414 2091 2467; baseline 0 -13"><span class='ocrx_word' id='word_1_431' title='bbox 1265 2414 1543 2467; x_wconf 74' lang='lat' dir='ltr'>Opserst‘zitte)</span> <span class='ocrx_word' id='word_1_432' title='bbox 1574 2417 1647 2454; x_wconf 86' lang='lat' dir='ltr'>der</span> <span class='ocrx_word' id='word_1_433' title='bbox 1670 2415 1795 2467; x_wconf 80' lang='lat' dir='ltr'>Quies</span> <span class='ocrx_word' id='word_1_434' title='bbox 1819 2416 1924 2455; x_wconf 83' lang='lat' dir='ltr'>kann</span> <span class='ocrx_word' id='word_1_435' title='bbox 1947 2427 2091 2466; x_wconf 85' lang='lat' dir='ltr'>wegen</span> 
     </span>
     <span class='ocr_line' id='line_1_66' title="bbox 1263 2472 2091 2511; baseline 0.001 -2"><span class='ocrx_word' id='word_1_436' title='bbox 1263 2484 1309 2509; x_wconf 87' lang='lat' dir='ltr'>eo</span> <span class='ocrx_word' id='word_1_437' title='bbox 1346 2473 1477 2510; x_wconf 79' lang='lat' dir='ltr'>nn’sso</span> <span class='ocrx_word' id='word_1_438' title='bbox 1513 2477 1592 2510; x_wconf 74' lang='lat' dir='ltr'>etc.</span> <span class='ocrx_word' id='word_1_439' title='bbox 1630 2472 1741 2511; x_wconf 74' lang='lat' dir='ltr'>nicht</span> <span class='ocrx_word' id='word_1_440' title='bbox 1776 2473 1851 2510; x_wconf 84' lang='lat' dir='ltr'>der</span> <span class='ocrx_word' id='word_1_441' title='bbox 1885 2485 1961 2511; x_wconf 90' lang='lat' dir='ltr'>vor</span> <span class='ocrx_word' id='word_1_442' title='bbox 2001 2472 2091 2511; x_wconf 88' lang='lat' dir='ltr'>dem</span> 
     </span>
     <span class='ocr_line' id='line_1_67' title="bbox 1263 2526 2093 2579; baseline 0.004 -15"><span class='ocrx_word' id='word_1_443' title='bbox 1263 2526 1537 2565; x_wconf 78' lang='lat' dir='ltr'>Collinischen</span> <span class='ocrx_word' id='word_1_444' title='bbox 1569 2527 1705 2566; x_wconf 79' lang='lat' dir='ltr'>&#39;shore</span> <span class='ocrx_word' id='word_1_445' title='bbox 1742 2528 1942 2579; x_wconf 82' lang='lat' dir='ltr'>gelegene</span> <span class='ocrx_word' id='word_1_446' title='bbox 1971 2526 2093 2567; x_wconf 84' lang='lat' dir='ltr'>Tem-</span> 
     </span>
     <span class='ocr_line' id='line_1_68' title="bbox 1262 2581 2092 2633; baseline 0.005 -14"><span class='ocrx_word' id='word_1_447' title='bbox 1262 2583 1350 2633; x_wconf 87' lang='lat' dir='ltr'>pel,</span> <span class='ocrx_word' id='word_1_448' title='bbox 1380 2584 1556 2622; x_wconf 77' lang='lat' dir='ltr'>sondern</span> <span class='ocrx_word' id='word_1_449' title='bbox 1588 2596 1699 2622; x_wconf 88' lang='lat' dir='ltr'>muss</span> <span class='ocrx_word' id='word_1_450' title='bbox 1730 2584 1879 2623; x_wconf 84' lang='lat' dir='ltr'>weiter</span> <span class='ocrx_word' id='word_1_451' title='bbox 1907 2581 2092 2623; x_wconf 82' lang='lat' dir='ltr'>entfernt</span> 
     </span>
     <span class='ocr_line' id='line_1_69' title="bbox 1260 2640 2089 2688; baseline 0.002 -11"><span class='ocrx_word' id='word_1_452' title='bbox 1260 2651 1450 2687; x_wconf 75' lang='lat' dir='ltr'>gewesen</span> <span class='ocrx_word' id='word_1_453' title='bbox 1475 2640 1578 2678; x_wconf 87' lang='lat' dir='ltr'>sein.</span> <span class='ocrx_word' id='word_1_454' title='bbox 1600 2662 1655 2668; x_wconf 93' lang='lat'>—</span> <span class='ocrx_word' id='word_1_455' title='bbox 1677 2640 1784 2688; x_wconf 79' lang='lat' dir='ltr'>alia,</span> <span class='ocrx_word' id='word_1_456' title='bbox 1817 2641 1926 2679; x_wconf 82' lang='lat' dir='ltr'>nicht</span> <span class='ocrx_word' id='word_1_457' title='bbox 1954 2640 2089 2680; x_wconf 85' lang='lat' dir='ltr'>selten</span> 
     </span>
     <span class='ocr_line' id='line_1_70' title="bbox 1259 2695 2088 2735; baseline 0.005 -4"><span class='ocrx_word' id='word_1_458' title='bbox 1259 2695 1362 2732; x_wconf 83' lang='lat' dir='ltr'>wird</span> <span class='ocrx_word' id='word_1_459' title='bbox 1395 2697 1465 2733; x_wconf 87' lang='lat' dir='ltr'>mit</span> <span class='ocrx_word' id='word_1_460' title='bbox 1493 2695 1600 2734; x_wconf 54' lang='lat' dir='ltr'>alius⁸</span> <span class='ocrx_word' id='word_1_461' title='bbox 1628 2697 1707 2735; x_wconf 79' lang='lat' dir='ltr'>wie</span> <span class='ocrx_word' id='word_1_462' title='bbox 1738 2696 1802 2735; x_wconf 84' lang='lat' dir='ltr'>bei</span> <span class='ocrx_word' id='word_1_463' title='bbox 1833 2695 1983 2735; x_wconf 80' lang='lat' dir='ltr'>Homer</span> <span class='ocrx_word' id='word_1_464' title='bbox 2012 2695 2088 2735; x_wconf 90' lang='lat' dir='ltr'>Od.</span> 
     </span>
     <span class='ocr_line' id='line_1_71' title="bbox 1260 2745 2089 2804; baseline 0.005 -17"><span class='ocrx_word' id='word_1_465' title='bbox 1260 2750 1295 2800; x_wconf 88' lang='lat'>2,</span> <span class='ocrx_word' id='word_1_466' title='bbox 1316 2751 1395 2788; x_wconf 73' lang='lat'>412</span> <span class='ocrx_word' id='word_1_467' title='bbox 1417 2765 1451 2789; x_wconf 93' lang='lat' dir='ltr'>u.</span> <span class='ocrx_word' id='word_1_468' title='bbox 1471 2764 1506 2790; x_wconf 81' lang='lat' dir='ltr'>a.</span> <span class='ocrx_word' id='word_1_469' title='bbox 1529 2745 1663 2796; x_wconf 76' lang='grc' dir='ltr'><em>ἄλλος</em></span> <span class='ocrx_word' id='word_1_470' title='bbox 1680 2752 1770 2791; x_wconf 89' lang='lat' dir='ltr'>eine</span> <span class='ocrx_word' id='word_1_471' title='bbox 1783 2752 2089 2804; x_wconf 84' lang='lat' dir='ltr'>Speciesange-</span> 
     </span>
     <span class='ocr_line' id='line_1_72' title="bbox 1259 2805 2087 2859; baseline 0.005 -16"><span class='ocrx_word' id='word_1_472' title='bbox 1259 2805 1417 2859; x_wconf 79' lang='lat' dir='ltr'>kniipft,</span> <span class='ocrx_word' id='word_1_473' title='bbox 1440 2820 1503 2846; x_wconf 87' lang='lat' dir='ltr'>wo</span> <span class='ocrx_word' id='word_1_474' title='bbox 1527 2809 1604 2847; x_wconf 81' lang='lat' dir='ltr'>wir</span> <span class='ocrx_word' id='word_1_475' title='bbox 1623 2809 1694 2847; x_wconf 87' lang='lat' dir='ltr'>das</span> <span class='ocrx_word' id='word_1_476' title='bbox 1714 2807 1867 2857; x_wconf 79' lang='lat' dir='ltr'>Genus,</span> <span class='ocrx_word' id='word_1_477' title='bbox 1889 2808 2087 2847; x_wconf 85' lang='lat' dir='ltr'>welchem</span> 
     </span>
     <span class='ocr_line' id='line_1_73' title="bbox 1258 2863 2086 2915; baseline 0.004 -15"><span class='ocrx_word' id='word_1_478' title='bbox 1258 2863 1441 2902; x_wconf 79' lang='lat' dir='ltr'>dieselbe</span> <span class='ocrx_word' id='word_1_479' title='bbox 1463 2865 1683 2915; x_wconf 84' lang='lat' dir='ltr'>angehb&#39;rt,</span> <span class='ocrx_word' id='word_1_480' title='bbox 1706 2870 1927 2915; x_wconf 85' lang='lat' dir='ltr'>erwarten,</span> <span class='ocrx_word' id='word_1_481' title='bbox 1947 2864 2028 2903; x_wconf 85' lang='lat' dir='ltr'>wie</span> <span class='ocrx_word' id='word_1_482' title='bbox 2048 2875 2086 2903; x_wconf 82' lang='lat' dir='ltr'>a.</span> 
     </span>
     <span class='ocr_line' id='line_1_74' title="bbox 1257 2918 2084 2972; baseline 0.001 -15"><span class='ocrx_word' id='word_1_483' title='bbox 1257 2932 1297 2957; x_wconf 89' lang='lat' dir='ltr'>u.</span> <span class='ocrx_word' id='word_1_484' title='bbox 1323 2920 1403 2958; x_wconf 90' lang='lat' dir='ltr'>St.:</span> <span class='ocrx_word' id='word_1_485' title='bbox 1428 2921 1507 2959; x_wconf 92' lang='lat' dir='ltr'>und</span> <span class='ocrx_word' id='word_1_486' title='bbox 1528 2921 1681 2960; x_wconf 84' lang='lat' dir='ltr'>andere</span> <span class='ocrx_word' id='word_1_487' title='bbox 1702 2918 2084 2972; x_wconf 81' lang='lat' dir='ltr'>Transportmittel,</span> 
     </span>
     <span class='ocr_line' id='line_1_75' title="bbox 1256 2973 2085 3026; baseline 0.002 -13"><span class='ocrx_word' id='word_1_488' title='bbox 1256 2976 1429 3013; x_wconf 65' lang='lat' dir='ltr'>niimlich</span> <span class='ocrx_word' id='word_1_489' title='bbox 1455 2976 1705 3026; x_wconf 83' lang='lat' dir='ltr'>Lastthiere‚</span> <span class='ocrx_word' id='word_1_490' title='bbox 1730 2989 1761 3014; x_wconf 92' lang='lat' dir='ltr'>s.</span> <span class='ocrx_word' id='word_1_491' title='bbox 1786 2977 1824 3025; x_wconf 89' lang='lat'>5,</span> <span class='ocrx_word' id='word_1_492' title='bbox 1847 2974 1913 3024; x_wconf 84' lang='lat'>39,</span> <span class='ocrx_word' id='word_1_493' title='bbox 1937 2973 1983 3014; x_wconf 88' lang='lat'>3:</span> <span class='ocrx_word' id='word_1_494' title='bbox 2005 2988 2085 3015; x_wconf 76' lang='lat' dir='ltr'>ex-</span> 
     </span>
     <span class='ocr_line' id='line_1_76' title="bbox 1251 3031 2086 3084; baseline 0 -15"><span class='ocrx_word' id='word_1_495' title='bbox 1251 3031 1542 3084; x_wconf 76' lang='lat' dir='ltr'>ploratoribus</span> <span class='ocrx_word' id='word_1_496' title='bbox 1578 3035 1722 3072; x_wconf 78' lang='lat' dir='ltr'>missis</span> <span class='ocrx_word' id='word_1_497' title='bbox 1762 3034 1874 3071; x_wconf 81' lang='lat' dir='ltr'>circa</span> <span class='ocrx_word' id='word_1_498' title='bbox 1919 3033 2086 3070; x_wconf 82' lang='lat' dir='ltr'>moenia</span> 
     </span>
     <span class='ocr_line' id='line_1_77' title="bbox 1255 3086 2081 3142; baseline 0.001 -16"><span class='ocrx_word' id='word_1_499' title='bbox 1255 3087 1442 3140; x_wconf 81' lang='lat' dir='ltr'>aliasque</span> <span class='ocrx_word' id='word_1_500' title='bbox 1469 3091 1640 3142; x_wconf 68' lang='lat' dir='ltr'>portas,</span> <span class='ocrx_word' id='word_1_501' title='bbox 1679 3087 1746 3139; x_wconf 87' lang='lat'>25,</span> <span class='ocrx_word' id='word_1_502' title='bbox 1786 3087 1848 3134; x_wconf 88' lang='lat'>13,</span> <span class='ocrx_word' id='word_1_503' title='bbox 1892 3086 1960 3126; x_wconf 84' lang='lat'>10:</span> <span class='ocrx_word' id='word_1_504' title='bbox 1998 3086 2081 3127; x_wconf 85' lang='lat' dir='ltr'>duo</span> 
     </span>
     <span class='ocr_line' id='line_1_78' title="bbox 1254 3142 2085 3197; baseline 0 -15"><span class='ocrx_word' id='word_1_505' title='bbox 1254 3144 1370 3183; x_wconf 76' lang='lat' dir='ltr'>milia</span> <span class='ocrx_word' id='word_1_506' title='bbox 1409 3144 1722 3197; x_wconf 80' lang='lat' dir='ltr'>plaustrorum,</span> <span class='ocrx_word' id='word_1_507' title='bbox 1765 3142 2022 3183; x_wconf 74' lang='lat' dir='ltr'>inconditam</span> <span class='ocrx_word' id='word_1_508' title='bbox 2056 3165 2085 3171; x_wconf 95' lang='lat'>-</span> 
     </span>
     <span class='ocr_line' id='line_1_79' title="bbox 1254 3197 2080 3250; baseline -0.002 -12"><span class='ocrx_word' id='word_1_509' title='bbox 1254 3199 1379 3239; x_wconf 77' lang='lat' dir='ltr'>aliam</span> <span class='ocrx_word' id='word_1_510' title='bbox 1403 3202 1594 3246; x_wconf 73' lang='lat' dir='ltr'>turbam3</span> <span class='ocrx_word' id='word_1_511' title='bbox 1622 3200 1662 3250; x_wconf 93' lang='lat'>1,</span> <span class='ocrx_word' id='word_1_512' title='bbox 1686 3199 1760 3247; x_wconf 89' lang='grc'>20,</span> <span class='ocrx_word' id='word_1_513' title='bbox 1784 3198 1834 3247; x_wconf 83' lang='grc'>3;</span> <span class='ocrx_word' id='word_1_514' title='bbox 1857 3197 1903 3237; x_wconf 86' lang='grc'>21</span> <span class='ocrx_word' id='word_1_515' title='bbox 1921 3229 1932 3249; x_wconf 97' lang='grc'>,</span> <span class='ocrx_word' id='word_1_516' title='bbox 1960 3197 2006 3246; x_wconf 87' lang='grc'>2,</span> <span class='ocrx_word' id='word_1_517' title='bbox 2029 3198 2080 3247; x_wconf 88' lang='grc'>4;</span> 
     </span>
     <span class='ocr_line' id='line_1_80' title="bbox 1255 3252 2081 3308; baseline 0 -15"><span class='ocrx_word' id='word_1_518' title='bbox 1255 3255 1306 3294; x_wconf 89' lang='lat' dir='ltr'>ib.</span> <span class='ocrx_word' id='word_1_519' title='bbox 1342 3256 1415 3307; x_wconf 88' lang='lat'>27,</span> <span class='ocrx_word' id='word_1_520' title='bbox 1458 3257 1504 3306; x_wconf 86' lang='lat'>53</span> <span class='ocrx_word' id='word_1_521' title='bbox 1544 3256 1616 3308; x_wconf 87' lang='grc'>46,</span> <span class='ocrx_word' id='word_1_522' title='bbox 1653 3256 1700 3304; x_wconf 88' lang='grc'>9;</span> <span class='ocrx_word' id='word_1_523' title='bbox 1740 3254 1868 3306; x_wconf 82' lang='lat' dir='ltr'>Verg.</span> <span class='ocrx_word' id='word_1_524' title='bbox 1899 3254 2002 3294; x_wconf 82' lang='lat' dir='ltr'>Aen.</span> <span class='ocrx_word' id='word_1_525' title='bbox 2043 3252 2081 3304; x_wconf 88' lang='grc'>6,</span> 
     </span>
    </p>
   </div>
  </div>
 </body>
</html>
