<?xml version="1.0" encoding="UTF-8"?>
<!DOCTYPE html PUBLIC "-//W3C//DTD XHTML 1.0 Transitional//EN"
    "http://www.w3.org/TR/xhtml1/DTD/xhtml1-transitional.dtd">
<html xmlns="http://www.w3.org/1999/xhtml" xml:lang="en" lang="en">
 <head>
  <title>
</title>
<meta http-equiv="Content-Type" content="text/html;charset=utf-8" />
  <meta name='ocr-system' content='tesseract 3.04.00' />
  <meta name='ocr-capabilities' content='ocr_page ocr_carea ocr_par ocr_line ocrx_word'/>
</head>
<body>
  <div class='ocr_page' id='page_1' title='image "./aburbeconditali01livy_0381.png"; bbox 0 0 2221 3537; ppageno 0'>
   <div class='ocr_carea' id='block_1_1' title="bbox 15 150 1860 230">
    <p class='ocr_par' dir='ltr' id='par_1_1' title="bbox 15 150 1860 230">
     <span class='ocr_line' id='line_1_1' title="bbox 15 150 1860 230; baseline 0.017 -30"><span class='ocrx_word' id='word_1_1' title='bbox 15 150 38 200; x_wconf 61' lang='grc' dir='ltr'><strong>’ζ’</strong></span> <span class='ocrx_word' id='word_1_2' title='bbox 823 176 1089 219; x_wconf 71' lang='grc' dir='ltr'><strong>ΡΕΒΙΟΕΗΑ</strong></span> <span class='ocrx_word' id='word_1_3' title='bbox 1097 177 1142 220; x_wconf 75' lang='grc' dir='ltr'><strong>Β.</strong></span> <span class='ocrx_word' id='word_1_4' title='bbox 1761 182 1860 230; x_wconf 80' lang='lat'><strong>355</strong></span> 
     </span>
    </p>
   </div>
   <div class='ocr_carea' id='block_1_2' title="bbox 91 303 1868 1107">
    <p class='ocr_par' dir='ltr' id='par_1_2' title="bbox 91 303 1868 1107">
     <span class='ocr_line' id='line_1_2' title="bbox 206 303 1861 364; baseline 0 -13"><span class='ocrx_word' id='word_1_5' title='bbox 206 308 307 351; x_wconf 81' lang='lat' dir='ltr'><strong>Post</strong></span> <span class='ocrx_word' id='word_1_6' title='bbox 326 307 434 348; x_wconf 81' lang='lat' dir='ltr'><strong>bunc</strong></span> <span class='ocrx_word' id='word_1_7' title='bbox 464 305 508 347; x_wconf 76' lang='lat' dir='ltr'><strong>L.</strong></span> <span class='ocrx_word' id='word_1_8' title='bbox 538 304 794 358; x_wconf 75' lang='lat' dir='ltr'>Tarquinius</span> <span class='ocrx_word' id='word_1_9' title='bbox 829 303 1036 359; x_wconf 78' lang='lat' dir='ltr'><strong>Superbus</strong></span> <span class='ocrx_word' id='word_1_10' title='bbox 1060 318 1188 360; x_wconf 88' lang='lat' dir='ltr'><strong>neque.</strong></span> <span class='ocrx_word' id='word_1_11' title='bbox 1213 314 1373 360; x_wconf 85' lang='lat' dir='ltr'><strong>patrum</strong></span> <span class='ocrx_word' id='word_1_12' title='bbox 1406 323 1535 364; x_wconf 87' lang='lat' dir='ltr'><strong>neque</strong></span> <span class='ocrx_word' id='word_1_13' title='bbox 1565 312 1701 364; x_wconf 86' lang='lat' dir='ltr'><strong>populi</strong></span> <span class='ocrx_word' id='word_1_14' title='bbox 1745 311 1861 351; x_wconf 84' lang='lat' dir='ltr'><strong>iussu</strong></span> 
     </span>
     <span class='ocr_line' id='line_1_3' title="bbox 93 361 1861 420; baseline -0.001 -11"><span class='ocrx_word' id='word_1_15' title='bbox 93 379 266 420; x_wconf 75' lang='lat' dir='ltr'><strong>regnum</strong></span> <span class='ocrx_word' id='word_1_16' title='bbox 287 363 459 407; x_wconf 78' lang='lat' dir='ltr'><strong>invasit.</strong></span> <span class='ocrx_word' id='word_1_17' title='bbox 493 363 530 403; x_wconf 83' lang='lat' dir='ltr'><strong>is</strong></span> <span class='ocrx_word' id='word_1_18' title='bbox 558 368 742 403; x_wconf 85' lang='lat' dir='ltr'><strong>armatos</strong></span> <span class='ocrx_word' id='word_1_19' title='bbox 773 361 885 403; x_wconf 85' lang='lat' dir='ltr'><strong>circa</strong></span> <span class='ocrx_word' id='word_1_20' title='bbox 909 376 954 402; x_wconf 85' lang='lat' dir='ltr'><strong>se</strong></span> <span class='ocrx_word' id='word_1_21' title='bbox 986 363 1025 403; x_wconf 90' lang='lat' dir='ltr'><strong>in</strong></span> <span class='ocrx_word' id='word_1_22' title='bbox 1049 364 1283 404; x_wconf 73' lang='lat' dir='ltr'><strong>custodiam</strong></span> <span class='ocrx_word' id='word_1_23' title='bbox 1317 366 1380 404; x_wconf 84' lang='lat' dir='ltr'><strong>sni</strong></span> <span class='ocrx_word' id='word_1_24' title='bbox 1402 366 1557 408; x_wconf 78' lang='lat' dir='ltr'><strong>habuit.</strong></span> <span class='ocrx_word' id='word_1_25' title='bbox 1594 367 1747 408; x_wconf 82' lang='lat' dir='ltr'><strong>bellum</strong></span> <span class='ocrx_word' id='word_1_26' title='bbox 1772 381 1861 408; x_wconf 89' lang='lat' dir='ltr'><strong>cum</strong></span> 
     </span>
     <span class='ocr_line' id='line_1_4' title="bbox 95 420 1862 476; baseline -0.001 -9"><span class='ocrx_word' id='word_1_27' title='bbox 95 423 268 467; x_wconf 72' lang='lat' dir='ltr'><strong>Vulsci·</strong></span> <span class='ocrx_word' id='word_1_28' title='bbox 297 421 430 476; x_wconf 73' lang='lat' dir='ltr'><strong>gessit</strong></span> <span class='ocrx_word' id='word_1_29' title='bbox 449 425 494 461; x_wconf 86' lang='lat' dir='ltr'><strong>et</strong></span> <span class='ocrx_word' id='word_1_30' title='bbox 513 431 564 459; x_wconf 87' lang='lat' dir='ltr'><strong>ex</strong></span> <span class='ocrx_word' id='word_1_31' title='bbox 588 420 733 473; x_wconf 85' lang='lat' dir='ltr'><strong>spoliis</strong></span> <span class='ocrx_word' id='word_1_32' title='bbox 757 432 900 460; x_wconf 89' lang='lat' dir='ltr'><strong>eorum</strong></span> <span class='ocrx_word' id='word_1_33' title='bbox 924 420 1122 473; x_wconf 88' lang='lat' dir='ltr'><strong>templum</strong></span> <span class='ocrx_word' id='word_1_34' title='bbox 1145 421 1186 461; x_wconf 92' lang='lat' dir='ltr'><strong>in</strong></span> <span class='ocrx_word' id='word_1_35' title='bbox 1211 420 1419 475; x_wconf 88' lang='lat' dir='ltr'><strong>Capitolio</strong></span> <span class='ocrx_word' id='word_1_36' title='bbox 1444 422 1531 463; x_wconf 81' lang='lat' dir='ltr'><strong>lovi</strong></span> <span class='ocrx_word' id='word_1_37' title='bbox 1556 423 1666 465; x_wconf 80' lang='lat' dir='ltr'><strong>fecit.</strong></span> <span class='ocrx_word' id='word_1_38' title='bbox 1702 424 1862 466; x_wconf 82' lang='lat' dir='ltr'><strong>Gabios</strong></span> 
     </span>
     <span class='ocr_line' id='line_1_5' title="bbox 95 477 1863 534; baseline 0.001 -11"><span class='ocrx_word' id='word_1_39' title='bbox 95 481 193 524; x_wconf 87' lang='lat' dir='ltr'><strong>dolo</strong></span> <span class='ocrx_word' id='word_1_40' title='bbox 214 480 257 523; x_wconf 87' lang='lat' dir='ltr'><strong>iu</strong></span> <span class='ocrx_word' id='word_1_41' title='bbox 275 483 522 534; x_wconf 76' lang='lat' dir='ltr'><strong>potestatem</strong></span> <span class='ocrx_word' id='word_1_42' title='bbox 533 489 648 517; x_wconf 88' lang='lat' dir='ltr'><strong>suam</strong></span> <span class='ocrx_word' id='word_1_43' title='bbox 665 477 841 527; x_wconf 80' lang='lat' dir='ltr'>redegit.</span> <span class='ocrx_word' id='word_1_44' title='bbox 865 477 987 517; x_wconf 86' lang='lat' dir='ltr'><strong>huius</strong></span> <span class='ocrx_word' id='word_1_45' title='bbox 1010 478 1110 518; x_wconf 84' lang='lat' dir='ltr'><strong>tiliis</strong></span> <span class='ocrx_word' id='word_1_46' title='bbox 1122 477 1303 532; x_wconf 81' lang='lat' dir='ltr'>Delphos</span> <span class='ocrx_word' id='word_1_47' title='bbox 1328 479 1524 532; x_wconf 84' lang='lat' dir='ltr'><strong>profectis</strong></span> <span class='ocrx_word' id='word_1_48' title='bbox 1544 488 1583 521; x_wconf 91' lang='lat' dir='ltr'><strong>et</strong></span> <span class='ocrx_word' id='word_1_49' title='bbox 1602 483 1863 523; x_wconf 83' lang='lat' dir='ltr'><strong>consulenti-</strong></span> 
     </span>
     <span class='ocr_line' id='line_1_6' title="bbox 96 532 1862 593; baseline 0 -13"><span class='ocrx_word' id='word_1_50' title='bbox 96 538 188 591; x_wconf 77' lang='lat' dir='ltr'><strong>bus,</strong></span> <span class='ocrx_word' id='word_1_51' title='bbox 207 536 301 593; x_wconf 84' lang='lat' dir='ltr'><strong>quis</strong></span> <span class='ocrx_word' id='word_1_52' title='bbox 321 546 464 577; x_wconf 82' lang='lat' dir='ltr'><strong>eorum</strong></span> <span class='ocrx_word' id='word_1_53' title='bbox 487 532 640 574; x_wconf 83' lang='lat' dir='ltr'><strong>Romae</strong></span> <span class='ocrx_word' id='word_1_54' title='bbox 663 540 916 586; x_wconf 84' lang='lat' dir='ltr'><strong>regnaturus</strong></span> <span class='ocrx_word' id='word_1_55' title='bbox 938 540 1066 586; x_wconf 87' lang='lat' dir='ltr'><strong>esset,</strong></span> <span class='ocrx_word' id='word_1_56' title='bbox 1099 536 1254 576; x_wconf 87' lang='lat' dir='ltr'><strong>dictum</strong></span> <span class='ocrx_word' id='word_1_57' title='bbox 1286 542 1351 576; x_wconf 88' lang='lat' dir='ltr'><strong>est</strong></span> <span class='ocrx_word' id='word_1_58' title='bbox 1374 550 1464 577; x_wconf 88' lang='lat' dir='ltr'><strong>eum</strong></span> <span class='ocrx_word' id='word_1_59' title='bbox 1489 544 1772 589; x_wconf 80' lang='lat' dir='ltr'><strong>regnaturum,</strong></span> <span class='ocrx_word' id='word_1_60' title='bbox 1796 541 1862 593; x_wconf 89' lang='lat' dir='ltr'><strong>qui</strong></span> 
     </span>
     <span class='ocr_line' id='line_1_7' title="bbox 97 591 1864 651; baseline 0 -14"><span class='ocrx_word' id='word_1_61' title='bbox 97 595 267 651; x_wconf 80' lang='lat' dir='ltr'><strong>primum</strong></span> <span class='ocrx_word' id='word_1_62' title='bbox 288 597 459 633; x_wconf 82' lang='lat' dir='ltr'><strong>matrem</strong></span> <span class='ocrx_word' id='word_1_63' title='bbox 482 591 700 632; x_wconf 88' lang='lat' dir='ltr'><strong>osculatus</strong></span> <span class='ocrx_word' id='word_1_64' title='bbox 723 597 849 634; x_wconf 88' lang='lat' dir='ltr'><strong>esset.</strong></span> <span class='ocrx_word' id='word_1_65' title='bbox 882 593 987 645; x_wconf 84' lang='lat' dir='ltr'><strong>quod</strong></span> <span class='ocrx_word' id='word_1_66' title='bbox 1013 605 1258 646; x_wconf 86' lang='lat' dir='ltr'><strong>responsum</strong></span> <span class='ocrx_word' id='word_1_67' title='bbox 1277 606 1366 634; x_wconf 89' lang='lat' dir='ltr'><strong>cum</strong></span> <span class='ocrx_word' id='word_1_68' title='bbox 1393 595 1473 647; x_wconf 86' lang='lat' dir='ltr'><strong>ipsi</strong></span> <span class='ocrx_word' id='word_1_69' title='bbox 1503 595 1630 635; x_wconf 86' lang='lat' dir='ltr'><strong>aliter</strong></span> <span class='ocrx_word' id='word_1_70' title='bbox 1653 597 1864 650; x_wconf 86' lang='lat' dir='ltr'><strong>interpre-</strong></span> 
     </span>
     <span class='ocr_line' id='line_1_8' title="bbox 96 648 1866 705; baseline 0 -11"><span class='ocrx_word' id='word_1_71' title='bbox 96 656 303 699; x_wconf 81' lang='lat' dir='ltr'><strong>tarentur,</strong></span> <span class='ocrx_word' id='word_1_72' title='bbox 325 648 464 691; x_wconf 92' lang='lat' dir='ltr'><strong>lunius</strong></span> <span class='ocrx_word' id='word_1_73' title='bbox 476 648 644 701; x_wconf 83' lang='lat' dir='ltr'><strong>Brutus,</strong></span> <span class='ocrx_word' id='word_1_74' title='bbox 667 650 736 702; x_wconf 93' lang='lat' dir='ltr'><strong>qui</strong></span> <span class='ocrx_word' id='word_1_75' title='bbox 758 662 849 689; x_wconf 91' lang='lat' dir='ltr'><strong>cum</strong></span> <span class='ocrx_word' id='word_1_76' title='bbox 872 650 935 690; x_wconf 90' lang='lat' dir='ltr'><strong>eis</strong></span> <span class='ocrx_word' id='word_1_77' title='bbox 959 648 1171 702; x_wconf 82' lang='lat' dir='ltr'><strong>profectus</strong></span> <span class='ocrx_word' id='word_1_78' title='bbox 1194 657 1301 702; x_wconf 86' lang='lat' dir='ltr'><strong>erat,</strong></span> <span class='ocrx_word' id='word_1_79' title='bbox 1320 652 1557 705; x_wconf 87' lang='lat' dir='ltr'><strong>prolapsum</strong></span> <span class='ocrx_word' id='word_1_80' title='bbox 1581 665 1625 692; x_wconf 88' lang='lat' dir='ltr'><strong>se</strong></span> <span class='ocrx_word' id='word_1_81' title='bbox 1650 653 1819 694; x_wconf 64' lang='lat' dir='ltr'><strong>simulat</strong></span> <span class='ocrx_word' id='word_1_82' title='bbox 1834 655 1866 694; x_wconf 90' lang='lat' dir='ltr'><strong>it</strong></span> 
     </span>
     <span class='ocr_line' id='line_1_9' title="bbox 95 704 1865 762; baseline 0.001 -12"><span class='ocrx_word' id='word_1_83' title='bbox 95 714 140 750; x_wconf 83' lang='lat' dir='ltr'><strong>et</strong></span> <span class='ocrx_word' id='word_1_84' title='bbox 158 713 317 749; x_wconf 85' lang='lat' dir='ltr'><strong>terram</strong></span> <span class='ocrx_word' id='word_1_85' title='bbox 339 706 553 748; x_wconf 82' lang='lat' dir='ltr'><strong>osculatus</strong></span> <span class='ocrx_word' id='word_1_86' title='bbox 576 713 653 747; x_wconf 85' lang='lat' dir='ltr'><strong>est.</strong></span> <span class='ocrx_word' id='word_1_87' title='bbox 687 706 808 760; x_wconf 85' lang='lat' dir='ltr'><strong>idque</strong></span> <span class='ocrx_word' id='word_1_88' title='bbox 831 704 983 747; x_wconf 79' lang='lat' dir='ltr'><strong>sactum</strong></span> <span class='ocrx_word' id='word_1_89' title='bbox 1018 706 1108 747; x_wconf 89' lang='lat' dir='ltr'><strong>eius</strong></span> <span class='ocrx_word' id='word_1_90' title='bbox 1142 714 1320 748; x_wconf 84' lang='lat' dir='ltr'><strong>eventus</strong></span> <span class='ocrx_word' id='word_1_91' title='bbox 1344 711 1632 762; x_wconf 78' lang='lat' dir='ltr'><strong>conprobavit.</strong></span> <span class='ocrx_word' id='word_1_92' title='bbox 1661 723 1751 749; x_wconf 80' lang='lat' dir='ltr'><strong>nam</strong></span> <span class='ocrx_word' id='word_1_93' title='bbox 1775 724 1865 751; x_wconf 81' lang='lat' dir='ltr'><strong>cuni</strong></span> 
     </span>
     <span class='ocr_line' id='line_1_10' title="bbox 97 762 1868 820; baseline 0.001 -14"><span class='ocrx_word' id='word_1_94' title='bbox 97 765 334 820; x_wconf 77' lang='lat' dir='ltr'><strong>inpotenter</strong></span> <span class='ocrx_word' id='word_1_95' title='bbox 354 775 398 805; x_wconf 89' lang='lat' dir='ltr'><strong>se</strong></span> <span class='ocrx_word' id='word_1_96' title='bbox 420 764 600 815; x_wconf 82' lang='lat' dir='ltr'><strong>gerendo</strong></span> <span class='ocrx_word' id='word_1_97' title='bbox 623 762 876 817; x_wconf 78' lang='lat' dir='ltr'><strong>Tarquinius</strong></span> <span class='ocrx_word' id='word_1_98' title='bbox 898 763 1110 817; x_wconf 82' lang='lat' dir='ltr'><strong>Superbus</strong></span> <span class='ocrx_word' id='word_1_99' title='bbox 1133 778 1272 806; x_wconf 89' lang='lat' dir='ltr'><strong>omnes</strong></span> <span class='ocrx_word' id='word_1_100' title='bbox 1297 766 1338 806; x_wconf 90' lang='lat' dir='ltr'><strong>in</strong></span> <span class='ocrx_word' id='word_1_101' title='bbox 1363 767 1500 807; x_wconf 89' lang='lat' dir='ltr'><strong>odium</strong></span> <span class='ocrx_word' id='word_1_102' title='bbox 1523 767 1589 807; x_wconf 90' lang='lat' dir='ltr'><strong>sui</strong></span> <span class='ocrx_word' id='word_1_103' title='bbox 1608 767 1868 820; x_wconf 56' lang='lat' dir='ltr'><strong>adduxisset,</strong></span> 
     </span>
     <span class='ocr_line' id='line_1_11' title="bbox 96 822 1866 876; baseline 0.001 -12"><span class='ocrx_word' id='word_1_104' title='bbox 96 823 148 864; x_wconf 87' lang='lat' dir='ltr'><strong>ad</strong></span> <span class='ocrx_word' id='word_1_105' title='bbox 168 822 357 864; x_wconf 85' lang='lat' dir='ltr'><strong>ultimum</strong></span> <span class='ocrx_word' id='word_1_106' title='bbox 391 826 561 876; x_wconf 89' lang='lat' dir='ltr'><strong>propter</strong></span> <span class='ocrx_word' id='word_1_107' title='bbox 593 827 869 875; x_wconf 81' lang='lat' dir='ltr'><strong>expugnatam</strong></span> <span class='ocrx_word' id='word_1_108' title='bbox 902 827 1103 863; x_wconf 79' lang='lat' dir='ltr'><strong>nocturna</strong></span> <span class='ocrx_word' id='word_1_109' title='bbox 1138 823 1178 862; x_wconf 89' lang='lat' dir='ltr'><strong>vi</strong></span> <span class='ocrx_word' id='word_1_110' title='bbox 1209 836 1232 863; x_wconf 84' lang='lat' dir='ltr'><strong>a</strong></span> <span class='ocrx_word' id='word_1_111' title='bbox 1255 824 1385 864; x_wconf 80' lang='lat' dir='ltr'><strong>Sexto</strong></span> <span class='ocrx_word' id='word_1_112' title='bbox 1419 824 1503 863; x_wconf 83' lang='lat' dir='ltr'><strong>tilio</strong></span> <span class='ocrx_word' id='word_1_113' title='bbox 1527 824 1618 864; x_wconf 87' lang='lat' dir='ltr'><strong>eius</strong></span> <span class='ocrx_word' id='word_1_114' title='bbox 1644 824 1866 865; x_wconf 81' lang='lat' dir='ltr'><strong>Lucretiae</strong></span> 
     </span>
     <span class='ocr_line' id='line_1_12' title="bbox 96 877 1868 935; baseline 0.001 -15"><span class='ocrx_word' id='word_1_115' title='bbox 96 879 355 935; x_wconf 81' lang='lat' dir='ltr'><strong>pudicitiam,</strong></span> <span class='ocrx_word' id='word_1_116' title='bbox 376 891 477 933; x_wconf 87' lang='lat' dir='ltr'><strong>quae</strong></span> <span class='ocrx_word' id='word_1_117' title='bbox 499 879 548 919; x_wconf 86' lang='lat' dir='ltr'><strong>ad</strong></span> <span class='ocrx_word' id='word_1_118' title='bbox 572 892 617 920; x_wconf 89' lang='lat' dir='ltr'><strong>se</strong></span> <span class='ocrx_word' id='word_1_119' title='bbox 639 885 788 920; x_wconf 88' lang='lat' dir='ltr'><strong>vocato</strong></span> <span class='ocrx_word' id='word_1_120' title='bbox 813 877 1194 932; x_wconf 86' lang='lat' dir='ltr'><strong>patreTricipitino</strong></span> <span class='ocrx_word' id='word_1_121' title='bbox 1219 886 1260 920; x_wconf 86' lang='lat' dir='ltr'><strong>et</strong></span> <span class='ocrx_word' id='word_1_122' title='bbox 1287 881 1379 920; x_wconf 79' lang='lat' dir='ltr'><strong>viro</strong></span> <span class='ocrx_word' id='word_1_123' title='bbox 1403 881 1614 921; x_wconf 79' lang='lat' dir='ltr'><strong>Collatino</strong></span> <span class='ocrx_word' id='word_1_124' title='bbox 1639 881 1868 933; x_wconf 88' lang='lat' dir='ltr'><strong>obtestata,</strong></span> 
     </span>
     <span class='ocr_line' id='line_1_13' title="bbox 94 936 1864 993; baseline 0.001 -14"><span class='ocrx_word' id='word_1_125' title='bbox 94 950 143 979; x_wconf 87' lang='lat' dir='ltr'><strong>ne</strong></span> <span class='ocrx_word' id='word_1_126' title='bbox 166 936 299 980; x_wconf 89' lang='lat' dir='ltr'><strong>inulta</strong></span> <span class='ocrx_word' id='word_1_127' title='bbox 323 949 433 977; x_wconf 89' lang='lat' dir='ltr'><strong>mors</strong></span> <span class='ocrx_word' id='word_1_128' title='bbox 449 936 539 977; x_wconf 88' lang='lat' dir='ltr'><strong>eius</strong></span> <span class='ocrx_word' id='word_1_129' title='bbox 564 937 841 991; x_wconf 84' lang='lat' dir='ltr'><strong>esset,cultro</strong></span> <span class='ocrx_word' id='word_1_130' title='bbox 865 949 909 977; x_wconf 90' lang='lat' dir='ltr'><strong>sc</strong></span> <span class='ocrx_word' id='word_1_131' title='bbox 934 937 1166 989; x_wconf 76' lang='lat' dir='ltr'><strong>interfecit,</strong></span> <span class='ocrx_word' id='word_1_132' title='bbox 1181 938 1438 992; x_wconf 84' lang='lat' dir='ltr'><strong>Brutiopera</strong></span> <span class='ocrx_word' id='word_1_133' title='bbox 1463 939 1641 979; x_wconf 61' lang='lat' dir='ltr'><strong>maxime</strong></span> <span class='ocrx_word' id='word_1_134' title='bbox 1664 940 1864 993; x_wconf 74' lang='lat' dir='ltr'><strong>expulsus</strong></span> 
     </span>
     <span class='ocr_line' id='line_1_14' title="bbox 91 994 1864 1046; baseline 0.001 -9"><span class='ocrx_word' id='word_1_135' title='bbox 91 1001 168 1045; x_wconf 88' lang='lat' dir='ltr'><strong>est,</strong></span> <span class='ocrx_word' id='word_1_136' title='bbox 190 1007 283 1035; x_wconf 91' lang='lat' dir='ltr'><strong>cum</strong></span> <span class='ocrx_word' id='word_1_137' title='bbox 305 1000 526 1046; x_wconf 77' lang='lat' dir='ltr'><strong>regnasset</strong></span> <span class='ocrx_word' id='word_1_138' title='bbox 545 1006 676 1035; x_wconf 85' lang='lat' dir='ltr'><strong>annos</strong></span> <span class='ocrx_word' id='word_1_139' title='bbox 699 994 836 1036; x_wconf 78' lang='lat' dir='ltr'><strong>XXV.</strong></span> <span class='ocrx_word' id='word_1_140' title='bbox 873 1001 957 1035; x_wconf 91' lang='lat' dir='ltr'><strong>tum</strong></span> <span class='ocrx_word' id='word_1_141' title='bbox 981 995 1176 1036; x_wconf 89' lang='lat' dir='ltr'><strong>consules</strong></span> <span class='ocrx_word' id='word_1_142' title='bbox 1199 996 1332 1038; x_wconf 80' lang='lat' dir='ltr'><strong>creati</strong></span> <span class='ocrx_word' id='word_1_143' title='bbox 1356 1003 1454 1038; x_wconf 93' lang='lat' dir='ltr'><strong>sunt</strong></span> <span class='ocrx_word' id='word_1_144' title='bbox 1479 996 1520 1036; x_wconf 87' lang='lat' dir='ltr'><strong>L.</strong></span> <span class='ocrx_word' id='word_1_145' title='bbox 1549 996 1689 1038; x_wconf 89' lang='lat' dir='ltr'><strong>lunius</strong></span> <span class='ocrx_word' id='word_1_146' title='bbox 1710 997 1864 1038; x_wconf 87' lang='lat' dir='ltr'><strong>Brutus</strong></span> 
     </span>
     <span class='ocr_line' id='line_1_15' title="bbox 93 1051 689 1107; baseline -0.002 -12"><span class='ocrx_word' id='word_1_147' title='bbox 93 1052 139 1096; x_wconf 80' lang='lat' dir='ltr'><strong>L.</strong></span> <span class='ocrx_word' id='word_1_148' title='bbox 163 1051 418 1107; x_wconf 78' lang='lat' dir='ltr'><strong>Tarquinius</strong></span> <span class='ocrx_word' id='word_1_149' title='bbox 441 1051 689 1094; x_wconf 87' lang='lat' dir='ltr'><strong>Collatinus.</strong></span> 
     </span>
    </p>
   </div>
   <div class='ocr_carea' id='block_1_3' title="bbox 840 1228 1130 1270">
    <p class='ocr_par' dir='ltr' id='par_1_3' title="bbox 840 1228 1130 1270">
     <span class='ocr_line' id='line_1_16' title="bbox 840 1228 1130 1270; baseline 0.007 -2"><span class='ocrx_word' id='word_1_150' title='bbox 840 1229 915 1269; x_wconf 74' lang='lat' dir='ltr'><strong>Ex</strong></span> <span class='ocrx_word' id='word_1_151' title='bbox 952 1228 1045 1269; x_wconf 69' lang='grc' dir='ltr'><strong><em>[ΑΒ.</em></strong></span> <span class='ocrx_word' id='word_1_152' title='bbox 1086 1229 1130 1270; x_wconf 92' lang='lat' dir='ltr'><strong>ll.</strong></span> 
     </span>
    </p>
   </div>
   <div class='ocr_carea' id='block_1_4' title="bbox 93 1315 1869 3332">
    <p class='ocr_par' dir='ltr' id='par_1_4' title="bbox 93 1315 1869 3332">
     <span class='ocr_line' id='line_1_17' title="bbox 211 1315 1868 1373; baseline 0.001 -14"><span class='ocrx_word' id='word_1_153' title='bbox 211 1318 361 1359; x_wconf 87' lang='lat' dir='ltr'><strong>Brutus</strong></span> <span class='ocrx_word' id='word_1_154' title='bbox 385 1316 478 1357; x_wconf 85' lang='lat' dir='ltr'><strong>iure</strong></span> <span class='ocrx_word' id='word_1_155' title='bbox 502 1316 677 1357; x_wconf 89' lang='lat' dir='ltr'><strong>iurando</strong></span> <span class='ocrx_word' id='word_1_156' title='bbox 703 1316 894 1370; x_wconf 86' lang='lat' dir='ltr'><strong>populum</strong></span> <span class='ocrx_word' id='word_1_157' title='bbox 917 1316 1153 1357; x_wconf 77' lang='lat' dir='ltr'><strong>adstrinxit</strong></span> <span class='ocrx_word' id='word_1_158' title='bbox 1176 1317 1380 1357; x_wconf 88' lang='lat' dir='ltr'><strong>neminem</strong></span> <span class='ocrx_word' id='word_1_159' title='bbox 1393 1315 1543 1359; x_wconf 85' lang='lat' dir='ltr'><strong>Romae</strong></span> <span class='ocrx_word' id='word_1_160' title='bbox 1568 1332 1744 1370; x_wconf 82' lang='lat' dir='ltr'><strong>regnare</strong></span> <span class='ocrx_word' id='word_1_161' title='bbox 1769 1333 1868 1373; x_wconf 85' lang='lat' dir='ltr'><strong>pas-</strong></span> 
     </span>
     <span class='ocr_line' id='line_1_18' title="bbox 94 1373 1866 1428; baseline -0.001 -10"><span class='ocrx_word' id='word_1_162' title='bbox 94 1388 250 1419; x_wconf 90' lang='lat' dir='ltr'><strong>surum.</strong></span> <span class='ocrx_word' id='word_1_163' title='bbox 282 1373 556 1428; x_wconf 83' lang='lat' dir='ltr'><strong>Tarquinium</strong></span> <span class='ocrx_word' id='word_1_164' title='bbox 593 1374 849 1414; x_wconf 84' lang='lat' dir='ltr'><strong>Collatinum</strong></span> <span class='ocrx_word' id='word_1_165' title='bbox 881 1373 1086 1426; x_wconf 85' lang='lat' dir='ltr'><strong>collegam</strong></span> <span class='ocrx_word' id='word_1_166' title='bbox 1116 1387 1235 1414; x_wconf 89' lang='lat' dir='ltr'><strong>suum</strong></span> <span class='ocrx_word' id='word_1_167' title='bbox 1268 1381 1440 1428; x_wconf 87' lang='lat' dir='ltr'><strong>propter</strong></span> <span class='ocrx_word' id='word_1_168' title='bbox 1471 1376 1729 1417; x_wconf 78' lang='lat' dir='ltr'><strong>adfinitatem</strong></span> <span class='ocrx_word' id='word_1_169' title='bbox 1761 1377 1866 1418; x_wconf 89' lang='lat' dir='ltr'><strong>Tar-</strong></span> 
     </span>
     <span class='ocr_line' id='line_1_19' title="bbox 94 1432 1866 1489; baseline 0 -14"><span class='ocrx_word' id='word_1_170' title='bbox 94 1433 330 1489; x_wconf 90' lang='lat' dir='ltr'><strong>quiniorum</strong></span> <span class='ocrx_word' id='word_1_171' title='bbox 352 1436 592 1485; x_wconf 87' lang='lat' dir='ltr'><strong>suspectum</strong></span> <span class='ocrx_word' id='word_1_172' title='bbox 614 1432 757 1483; x_wconf 85' lang='lat' dir='ltr'><strong>coegit</strong></span> <span class='ocrx_word' id='word_1_173' title='bbox 780 1432 1001 1472; x_wconf 83' lang='lat' dir='ltr'><strong>consulatu</strong></span> <span class='ocrx_word' id='word_1_174' title='bbox 1025 1445 1068 1472; x_wconf 88' lang='lat' dir='ltr'><strong>se</strong></span> <span class='ocrx_word' id='word_1_175' title='bbox 1092 1432 1285 1472; x_wconf 81' lang='lat' dir='ltr'><strong>abdicare</strong></span> <span class='ocrx_word' id='word_1_176' title='bbox 1309 1438 1350 1473; x_wconf 89' lang='lat' dir='ltr'><strong>et</strong></span> <span class='ocrx_word' id='word_1_177' title='bbox 1373 1433 1549 1474; x_wconf 84' lang='lat' dir='ltr'><strong>civitate</strong></span> <span class='ocrx_word' id='word_1_178' title='bbox 1573 1435 1736 1474; x_wconf 80' lang='lat' dir='ltr'><strong>cedere.</strong></span> <span class='ocrx_word' id='word_1_179' title='bbox 1762 1435 1866 1475; x_wconf 90' lang='lat' dir='ltr'><strong>bona</strong></span> 
     </span>
     <span class='ocr_line' id='line_1_20' title="bbox 94 1488 1867 1545; baseline -0.001 -11"><span class='ocrx_word' id='word_1_180' title='bbox 94 1504 238 1545; x_wconf 85' lang='lat' dir='ltr'><strong>regum</strong></span> <span class='ocrx_word' id='word_1_181' title='bbox 260 1489 389 1543; x_wconf 84' lang='lat' dir='ltr'><strong>diripi</strong></span> <span class='ocrx_word' id='word_1_182' title='bbox 407 1489 548 1542; x_wconf 89' lang='lat' dir='ltr'><strong>iussit,</strong></span> <span class='ocrx_word' id='word_1_183' title='bbox 570 1502 715 1541; x_wconf 89' lang='lat' dir='ltr'><strong>agrum</strong></span> <span class='ocrx_word' id='word_1_184' title='bbox 727 1488 854 1530; x_wconf 83' lang='lat' dir='ltr'><strong>Marti</strong></span> <span class='ocrx_word' id='word_1_185' title='bbox 873 1490 1156 1540; x_wconf 80' lang='lat' dir='ltr'><strong>consecravit,</strong></span> <span class='ocrx_word' id='word_1_186' title='bbox 1174 1490 1420 1543; x_wconf 78' lang='lat' dir='ltr'><strong>quicampns</strong></span> <span class='ocrx_word' id='word_1_187' title='bbox 1432 1489 1611 1533; x_wconf 76' lang='lat' dir='ltr'><strong>Martius</strong></span> <span class='ocrx_word' id='word_1_188' title='bbox 1631 1492 1867 1534; x_wconf 87' lang='lat' dir='ltr'><strong>nominatus</strong></span> 
     </span>
     <span class='ocr_line' id='line_1_21' title="bbox 96 1546 1862 1603; baseline -0.001 -12"><span class='ocrx_word' id='word_1_189' title='bbox 96 1555 176 1591; x_wconf 78' lang='lat' dir='ltr'><strong>est.</strong></span> <span class='ocrx_word' id='word_1_190' title='bbox 208 1547 502 1588; x_wconf 81' lang='lat' dir='ltr'><strong>adulescentes</strong></span> <span class='ocrx_word' id='word_1_191' title='bbox 538 1547 724 1598; x_wconf 85' lang='lat' dir='ltr'><strong>nobiles,</strong></span> <span class='ocrx_word' id='word_1_192' title='bbox 766 1547 806 1586; x_wconf 90' lang='lat' dir='ltr'><strong>in</strong></span> <span class='ocrx_word' id='word_1_193' title='bbox 839 1546 989 1599; x_wconf 86' lang='lat' dir='ltr'><strong>quibus</strong></span> <span class='ocrx_word' id='word_1_194' title='bbox 1023 1560 1121 1588; x_wconf 90' lang='lat' dir='ltr'><strong>suos</strong></span> <span class='ocrx_word' id='word_1_195' title='bbox 1154 1561 1315 1601; x_wconf 85' lang='lat' dir='ltr'><strong>quoque</strong></span> <span class='ocrx_word' id='word_1_196' title='bbox 1350 1553 1390 1588; x_wconf 91' lang='lat' dir='ltr'><strong>et</strong></span> <span class='ocrx_word' id='word_1_197' title='bbox 1424 1548 1573 1590; x_wconf 83' lang='lat' dir='ltr'><strong>fratris</strong></span> <span class='ocrx_word' id='word_1_198' title='bbox 1609 1550 1731 1600; x_wconf 81' lang='lat' dir='ltr'><strong>filios,</strong></span> <span class='ocrx_word' id='word_1_199' title='bbox 1765 1551 1862 1603; x_wconf 86' lang='lat' dir='ltr'><strong>qnia</strong></span> 
     </span>
     <span class='ocr_line' id='line_1_22' title="bbox 95 1604 1865 1659; baseline 0 -11"><span class='ocrx_word' id='word_1_200' title='bbox 95 1606 423 1649; x_wconf 76' lang='lat' dir='ltr'><strong>coniuraverant</strong></span> <span class='ocrx_word' id='word_1_201' title='bbox 443 1604 492 1645; x_wconf 90' lang='lat' dir='ltr'><strong>de</strong></span> <span class='ocrx_word' id='word_1_202' title='bbox 529 1604 783 1659; x_wconf 88' lang='lat' dir='ltr'><strong>recipiendis</strong></span> <span class='ocrx_word' id='word_1_203' title='bbox 815 1604 1002 1656; x_wconf 81' lang='lat' dir='ltr'><strong>regibus,</strong></span> <span class='ocrx_word' id='word_1_204' title='bbox 1043 1607 1181 1646; x_wconf 88' lang='lat' dir='ltr'><strong>securi</strong></span> <span class='ocrx_word' id='word_1_205' title='bbox 1213 1605 1433 1658; x_wconf 83' lang='lat' dir='ltr'><strong>percussit.</strong></span> <span class='ocrx_word' id='word_1_206' title='bbox 1472 1620 1597 1647; x_wconf 71' lang='lat' dir='ltr'><strong>servo</strong></span> <span class='ocrx_word' id='word_1_207' title='bbox 1623 1607 1763 1658; x_wconf 85' lang='lat' dir='ltr'><strong>indici,</strong></span> <span class='ocrx_word' id='word_1_208' title='bbox 1796 1607 1865 1649; x_wconf 88' lang='lat' dir='ltr'><strong>cui</strong></span> 
     </span>
     <span class='ocr_line' id='line_1_23' title="bbox 99 1660 1866 1719; baseline -0.001 -13"><span class='ocrx_word' id='word_1_209' title='bbox 99 1663 294 1707; x_wconf 85' lang='lat' dir='ltr'><strong>Vindicio</strong></span> <span class='ocrx_word' id='word_1_210' title='bbox 318 1674 465 1703; x_wconf 89' lang='lat' dir='ltr'><strong>nomen</strong></span> <span class='ocrx_word' id='word_1_211' title='bbox 488 1660 583 1714; x_wconf 86' lang='lat' dir='ltr'><strong>fuit,</strong></span> <span class='ocrx_word' id='word_1_212' title='bbox 608 1662 846 1702; x_wconf 87' lang='lat' dir='ltr'><strong>libertatem</strong></span> <span class='ocrx_word' id='word_1_213' title='bbox 869 1662 998 1712; x_wconf 88' lang='lat' dir='ltr'><strong>dedit,</strong></span> <span class='ocrx_word' id='word_1_214' title='bbox 1021 1675 1071 1703; x_wconf 71' lang='lat' dir='ltr'><strong>ex</strong></span> <span class='ocrx_word' id='word_1_215' title='bbox 1095 1664 1214 1703; x_wconf 89' lang='lat' dir='ltr'><strong>cuius</strong></span> <span class='ocrx_word' id='word_1_216' title='bbox 1240 1663 1402 1703; x_wconf 87' lang='lat' dir='ltr'><strong>nomine</strong></span> <span class='ocrx_word' id='word_1_217' title='bbox 1435 1664 1617 1705; x_wconf 86' lang='lat' dir='ltr'><strong>vindicta</strong></span> <span class='ocrx_word' id='word_1_218' title='bbox 1641 1665 1866 1719; x_wconf 86' lang='lat' dir='ltr'><strong>appellata.</strong></span> 
     </span>
     <span class='ocr_line' id='line_1_24' title="bbox 96 1719 1866 1778; baseline -0.001 -14"><span class='ocrx_word' id='word_1_219' title='bbox 96 1735 187 1764; x_wconf 90' lang='lat' dir='ltr'><strong>cum</strong></span> <span class='ocrx_word' id='word_1_220' title='bbox 216 1720 420 1761; x_wconf 84' lang='lat' dir='ltr'><strong>adversus</strong></span> <span class='ocrx_word' id='word_1_221' title='bbox 459 1731 592 1772; x_wconf 87' lang='lat' dir='ltr'><strong>reges,</strong></span> <span class='ocrx_word' id='word_1_222' title='bbox 622 1720 691 1774; x_wconf 90' lang='lat' dir='ltr'><strong>qui</strong></span> <span class='ocrx_word' id='word_1_223' title='bbox 724 1720 958 1760; x_wconf 87' lang='lat' dir='ltr'><strong>contractis</strong></span> <span class='ocrx_word' id='word_1_224' title='bbox 981 1719 1208 1760; x_wconf 87' lang='lat' dir='ltr'><strong>Veientum</strong></span> <span class='ocrx_word' id='word_1_225' title='bbox 1250 1726 1292 1761; x_wconf 88' lang='lat' dir='ltr'><strong>et</strong></span> <span class='ocrx_word' id='word_1_226' title='bbox 1323 1719 1692 1774; x_wconf 76' lang='lat' dir='ltr'><strong>Tarquiniensium</strong></span> <span class='ocrx_word' id='word_1_227' title='bbox 1729 1723 1866 1778; x_wconf 87' lang='lat' dir='ltr'><strong>copiis</strong></span> 
     </span>
     <span class='ocr_line' id='line_1_25' title="bbox 95 1776 1867 1833; baseline 0.002 -14"><span class='ocrx_word' id='word_1_228' title='bbox 95 1779 251 1819; x_wconf 86' lang='lat' dir='ltr'><strong>bellum</strong></span> <span class='ocrx_word' id='word_1_229' title='bbox 271 1776 518 1829; x_wconf 87' lang='lat' dir='ltr'><strong>intulerant,</strong></span> <span class='ocrx_word' id='word_1_230' title='bbox 556 1777 790 1817; x_wconf 86' lang='lat' dir='ltr'><strong>exercitum</strong></span> <span class='ocrx_word' id='word_1_231' title='bbox 821 1776 1027 1830; x_wconf 85' lang='lat' dir='ltr'><strong>duxisset,</strong></span> <span class='ocrx_word' id='word_1_232' title='bbox 1060 1777 1100 1817; x_wconf 93' lang='lat' dir='ltr'><strong>in</strong></span> <span class='ocrx_word' id='word_1_233' title='bbox 1133 1778 1223 1818; x_wconf 84' lang='lat' dir='ltr'><strong>acie</strong></span> <span class='ocrx_word' id='word_1_234' title='bbox 1254 1791 1345 1817; x_wconf 89' lang='lat' dir='ltr'><strong>cum</strong></span> <span class='ocrx_word' id='word_1_235' title='bbox 1370 1778 1554 1819; x_wconf 77' lang='lat' dir='ltr'><strong>Arrunte</strong></span> <span class='ocrx_word' id='word_1_236' title='bbox 1579 1779 1663 1820; x_wconf 83' lang='lat' dir='ltr'><strong>lilio</strong></span> <span class='ocrx_word' id='word_1_237' title='bbox 1687 1780 1867 1833; x_wconf 86' lang='lat' dir='ltr'><strong>Superbi</strong></span> 
     </span>
     <span class='ocr_line' id='line_1_26' title="bbox 93 1836 1865 1888; baseline 0 -10"><span class='ocrx_word' id='word_1_238' title='bbox 93 1840 377 1878; x_wconf 82' lang='lat' dir='ltr'><strong>commortuus</strong></span> <span class='ocrx_word' id='word_1_239' title='bbox 409 1841 499 1886; x_wconf 83' lang='lat' dir='ltr'><strong>est3</strong></span> <span class='ocrx_word' id='word_1_240' title='bbox 543 1847 713 1888; x_wconf 88' lang='lat' dir='ltr'><strong>eumque</strong></span> <span class='ocrx_word' id='word_1_241' title='bbox 755 1840 970 1875; x_wconf 87' lang='lat' dir='ltr'><strong>matronae</strong></span> <span class='ocrx_word' id='word_1_242' title='bbox 1013 1848 1120 1875; x_wconf 89' lang='lat' dir='ltr'><strong>anno</strong></span> <span class='ocrx_word' id='word_1_243' title='bbox 1153 1836 1365 1876; x_wconf 79' lang='lat' dir='ltr'><strong>luxerunt.</strong></span> <span class='ocrx_word' id='word_1_244' title='bbox 1406 1836 1449 1877; x_wconf 86' lang='lat' dir='ltr'><strong>P.</strong></span> <span class='ocrx_word' id='word_1_245' title='bbox 1485 1836 1680 1877; x_wconf 72' lang='lat' dir='ltr'><strong>Valerius</strong></span> <span class='ocrx_word' id='word_1_246' title='bbox 1722 1838 1865 1880; x_wconf 89' lang='lat' dir='ltr'><strong>consul</strong></span> 
     </span>
     <span class='ocr_line' id='line_1_27' title="bbox 93 1891 1865 1947; baseline 0.001 -12"><span class='ocrx_word' id='word_1_247' title='bbox 93 1894 226 1947; x_wconf 85' lang='lat' dir='ltr'><strong>legem</strong></span> <span class='ocrx_word' id='word_1_248' title='bbox 247 1893 298 1933; x_wconf 87' lang='lat' dir='ltr'><strong>de</strong></span> <span class='ocrx_word' id='word_1_249' title='bbox 331 1892 631 1946; x_wconf 86' lang='lat' dir='ltr'><strong>provocatione</strong></span> <span class='ocrx_word' id='word_1_250' title='bbox 666 1893 717 1932; x_wconf 87' lang='lat' dir='ltr'><strong>ad</strong></span> <span class='ocrx_word' id='word_1_251' title='bbox 740 1892 936 1946; x_wconf 88' lang='lat' dir='ltr'><strong>populum</strong></span> <span class='ocrx_word' id='word_1_252' title='bbox 958 1891 1073 1933; x_wconf 90' lang='lat' dir='ltr'><strong>tulit.</strong></span> <span class='ocrx_word' id='word_1_253' title='bbox 1115 1893 1369 1946; x_wconf 80' lang='lat' dir='ltr'><strong>Capitolium</strong></span> <span class='ocrx_word' id='word_1_254' title='bbox 1393 1893 1627 1935; x_wconf 87' lang='lat' dir='ltr'><strong>dedicatum</strong></span> <span class='ocrx_word' id='word_1_255' title='bbox 1651 1901 1728 1936; x_wconf 86' lang='lat' dir='ltr'><strong>est.</strong></span> <span class='ocrx_word' id='word_1_256' title='bbox 1764 1896 1865 1938; x_wconf 89' lang='lat' dir='ltr'><strong>Por-</strong></span> 
     </span>
     <span class='ocr_line' id='line_1_28' title="bbox 94 1948 1865 2005; baseline 0.001 -12"><span class='ocrx_word' id='word_1_257' title='bbox 94 1963 238 2003; x_wconf 85' lang='lat' dir='ltr'><strong>senna,</strong></span> <span class='ocrx_word' id='word_1_258' title='bbox 273 1948 538 1990; x_wconf 87' lang='lat' dir='ltr'><strong>Clusinorum</strong></span> <span class='ocrx_word' id='word_1_259' title='bbox 580 1962 671 2002; x_wconf 71' lang='lat' dir='ltr'><strong>reX,</strong></span> <span class='ocrx_word' id='word_1_260' title='bbox 707 1949 818 1990; x_wconf 88' lang='lat' dir='ltr'><strong>bello</strong></span> <span class='ocrx_word' id='word_1_261' title='bbox 853 1963 925 2003; x_wconf 90' lang='lat' dir='ltr'><strong>pro</strong></span> <span class='ocrx_word' id='word_1_262' title='bbox 955 1949 1198 2003; x_wconf 85' lang='lat' dir='ltr'><strong>Tarquiniis</strong></span> <span class='ocrx_word' id='word_1_263' title='bbox 1221 1956 1415 2005; x_wconf 87' lang='lat' dir='ltr'><strong>suscepto</strong></span> <span class='ocrx_word' id='word_1_264' title='bbox 1449 1965 1539 1992; x_wconf 92' lang='lat' dir='ltr'><strong>cum</strong></span> <span class='ocrx_word' id='word_1_265' title='bbox 1562 1953 1611 1992; x_wconf 86' lang='lat' dir='ltr'><strong>ad</strong></span> <span class='ocrx_word' id='word_1_266' title='bbox 1636 1952 1865 1994; x_wconf 84' lang='lat' dir='ltr'><strong>Ianiculum</strong></span> 
     </span>
     <span class='ocr_line' id='line_1_29' title="bbox 95 2007 1867 2064; baseline 0.001 -15"><span class='ocrx_word' id='word_1_267' title='bbox 95 2008 301 2060; x_wconf 87' lang='lat' dir='ltr'><strong>venisset,</strong></span> <span class='ocrx_word' id='word_1_268' title='bbox 323 2019 371 2047; x_wconf 89' lang='lat' dir='ltr'><strong>ne</strong></span> <span class='ocrx_word' id='word_1_269' title='bbox 393 2007 583 2048; x_wconf 87' lang='lat' dir='ltr'><strong>Tiberim</strong></span> <span class='ocrx_word' id='word_1_270' title='bbox 605 2007 824 2057; x_wconf 87' lang='lat' dir='ltr'><strong>transiret,</strong></span> <span class='ocrx_word' id='word_1_271' title='bbox 856 2007 1017 2048; x_wconf 85' lang='lat' dir='ltr'><strong>virtute</strong></span> <span class='ocrx_word' id='word_1_272' title='bbox 1040 2008 1221 2048; x_wconf 85' lang='lat' dir='ltr'><strong>Coclitis</strong></span> <span class='ocrx_word' id='word_1_273' title='bbox 1241 2008 1389 2049; x_wconf 87' lang='lat' dir='ltr'><strong>Horati</strong></span> <span class='ocrx_word' id='word_1_274' title='bbox 1415 2009 1651 2062; x_wconf 89' lang='lat' dir='ltr'><strong>prohibitus</strong></span> <span class='ocrx_word' id='word_1_275' title='bbox 1676 2016 1754 2061; x_wconf 88' lang='lat' dir='ltr'><strong>est,</strong></span> <span class='ocrx_word' id='word_1_276' title='bbox 1785 2011 1867 2064; x_wconf 86' lang='lat' dir='ltr'><strong>qui,</strong></span> 
     </span>
     <span class='ocr_line' id='line_1_30' title="bbox 96 2064 1867 2122; baseline 0.001 -15"><span class='ocrx_word' id='word_1_277' title='bbox 96 2067 191 2107; x_wconf 91' lang='lat' dir='ltr'><strong>dum</strong></span> <span class='ocrx_word' id='word_1_278' title='bbox 212 2064 288 2106; x_wconf 90' lang='lat' dir='ltr'><strong>alii</strong></span> <span class='ocrx_word' id='word_1_279' title='bbox 315 2069 482 2119; x_wconf 90' lang='lat' dir='ltr'><strong>pontem</strong></span> <span class='ocrx_word' id='word_1_280' title='bbox 515 2064 747 2105; x_wconf 89' lang='lat' dir='ltr'><strong>Sublicium</strong></span> <span class='ocrx_word' id='word_1_281' title='bbox 770 2064 1030 2116; x_wconf 89' lang='lat' dir='ltr'><strong>rescindunt,</strong></span> <span class='ocrx_word' id='word_1_282' title='bbox 1067 2065 1182 2105; x_wconf 88' lang='lat' dir='ltr'><strong>solus</strong></span> <span class='ocrx_word' id='word_1_283' title='bbox 1206 2066 1409 2106; x_wconf 84' lang='lat' dir='ltr'><strong>Etruscos</strong></span> <span class='ocrx_word' id='word_1_284' title='bbox 1439 2067 1647 2107; x_wconf 91' lang='lat' dir='ltr'><strong>sustinuit</strong></span> <span class='ocrx_word' id='word_1_285' title='bbox 1679 2073 1721 2108; x_wconf 87' lang='lat' dir='ltr'><strong>et</strong></span> <span class='ocrx_word' id='word_1_286' title='bbox 1744 2075 1867 2122; x_wconf 89' lang='lat' dir='ltr'><strong>ponte</strong></span> 
     </span>
     <span class='ocr_line' id='line_1_31' title="bbox 95 2121 1866 2177; baseline 0.001 -13"><span class='ocrx_word' id='word_1_287' title='bbox 95 2129 216 2177; x_wconf 89' lang='lat' dir='ltr'><strong>rupto</strong></span> <span class='ocrx_word' id='word_1_288' title='bbox 239 2128 424 2164; x_wconf 87' lang='lat' dir='ltr'><strong>armatus</strong></span> <span class='ocrx_word' id='word_1_289' title='bbox 448 2122 490 2162; x_wconf 92' lang='lat' dir='ltr'><strong>in</strong></span> <span class='ocrx_word' id='word_1_290' title='bbox 527 2124 674 2163; x_wconf 69' lang='lat' dir='ltr'><strong>flumen</strong></span> <span class='ocrx_word' id='word_1_291' title='bbox 713 2135 758 2163; x_wconf 88' lang='lat' dir='ltr'><strong>se</strong></span> <span class='ocrx_word' id='word_1_292' title='bbox 787 2121 899 2161; x_wconf 85' lang='lat' dir='ltr'><strong>misit</strong></span> <span class='ocrx_word' id='word_1_293' title='bbox 931 2123 1042 2163; x_wconf 84' lang='lat' dir='ltr'><strong>etad</strong></span> <span class='ocrx_word' id='word_1_294' title='bbox 1074 2135 1171 2163; x_wconf 85' lang='lat' dir='ltr'><strong>suos</strong></span> <span class='ocrx_word' id='word_1_295' title='bbox 1195 2124 1450 2164; x_wconf 87' lang='lat' dir='ltr'><strong>transnavit.</strong></span> <span class='ocrx_word' id='word_1_296' title='bbox 1482 2125 1663 2165; x_wconf 89' lang='lat' dir='ltr'><strong>accessit</strong></span> <span class='ocrx_word' id='word_1_297' title='bbox 1686 2125 1866 2166; x_wconf 85' lang='lat' dir='ltr'><strong>alterum</strong></span> 
     </span>
     <span class='ocr_line' id='line_1_32' title="bbox 95 2178 1866 2234; baseline 0.001 -12"><span class='ocrx_word' id='word_1_298' title='bbox 95 2180 272 2222; x_wconf 82' lang='lat' dir='ltr'><strong>virtutis</strong></span> <span class='ocrx_word' id='word_1_299' title='bbox 295 2179 529 2234; x_wconf 82' lang='lat' dir='ltr'><strong>exemplum</strong></span> <span class='ocrx_word' id='word_1_300' title='bbox 551 2193 573 2220; x_wconf 82' lang='lat' dir='ltr'><strong>a</strong></span> <span class='ocrx_word' id='word_1_301' title='bbox 588 2179 819 2232; x_wconf 83' lang='lat' dir='ltr'><strong>Muci0,qui</strong></span> <span class='ocrx_word' id='word_1_302' title='bbox 844 2193 933 2220; x_wconf 83' lang='lat' dir='ltr'><strong>cum</strong></span> <span class='ocrx_word' id='word_1_303' title='bbox 952 2180 1001 2219; x_wconf 85' lang='lat' dir='ltr'><strong>ad</strong></span> <span class='ocrx_word' id='word_1_304' title='bbox 1016 2178 1247 2220; x_wconf 85' lang='lat' dir='ltr'><strong>feriendum</strong></span> <span class='ocrx_word' id='word_1_305' title='bbox 1263 2180 1668 2223; x_wconf 85' lang='lat' dir='ltr'><strong>Porsennameastra</strong></span> <span class='ocrx_word' id='word_1_306' title='bbox 1686 2184 1866 2224; x_wconf 89' lang='lat' dir='ltr'><strong>hostium</strong></span> 
     </span>
     <span class='ocr_line' id='line_1_33' title="bbox 95 2237 1865 2293; baseline 0.002 -14"><span class='ocrx_word' id='word_1_307' title='bbox 95 2238 314 2288; x_wconf 84' lang='lat' dir='ltr'><strong>intrasset,</strong></span> <span class='ocrx_word' id='word_1_308' title='bbox 352 2237 493 2277; x_wconf 89' lang='lat' dir='ltr'><strong>occiso</strong></span> <span class='ocrx_word' id='word_1_309' title='bbox 526 2238 690 2288; x_wconf 87' lang='lat' dir='ltr'><strong>scriba,</strong></span> <span class='ocrx_word' id='word_1_310' title='bbox 723 2250 840 2290; x_wconf 86' lang='lat' dir='ltr'><strong>quem</strong></span> <span class='ocrx_word' id='word_1_311' title='bbox 872 2250 1011 2288; x_wconf 85' lang='lat' dir='ltr'><strong>regem</strong></span> <span class='ocrx_word' id='word_1_312' title='bbox 1043 2250 1136 2278; x_wconf 88' lang='lat' dir='ltr'><strong>esse</strong></span> <span class='ocrx_word' id='word_1_313' title='bbox 1177 2238 1521 2290; x_wconf 74' lang='lat' dir='ltr'><strong>existimaverat,</strong></span> <span class='ocrx_word' id='word_1_314' title='bbox 1555 2241 1865 2293; x_wconf 86' lang='lat' dir='ltr'><strong>conprehensus</strong></span> 
     </span>
     <span class='ocr_line' id='line_1_34' title="bbox 96 2294 1868 2350; baseline 0.001 -14"><span class='ocrx_word' id='word_1_315' title='bbox 96 2294 322 2350; x_wconf 85' lang='lat' dir='ltr'><strong>inpositam</strong></span> <span class='ocrx_word' id='word_1_316' title='bbox 354 2307 515 2335; x_wconf 90' lang='lat' dir='ltr'><strong>manum</strong></span> <span class='ocrx_word' id='word_1_317' title='bbox 538 2295 761 2346; x_wconf 87' lang='lat' dir='ltr'><strong>altaribus,</strong></span> <span class='ocrx_word' id='word_1_318' title='bbox 797 2295 835 2334; x_wconf 93' lang='lat' dir='ltr'><strong>in</strong></span> <span class='ocrx_word' id='word_1_319' title='bbox 859 2295 1009 2347; x_wconf 90' lang='lat' dir='ltr'><strong>quibus</strong></span> <span class='ocrx_word' id='word_1_320' title='bbox 1032 2295 1314 2336; x_wconf 82' lang='lat' dir='ltr'><strong>sacrificatum</strong></span> <span class='ocrx_word' id='word_1_321' title='bbox 1339 2303 1441 2347; x_wconf 85' lang='lat' dir='ltr'><strong>erat,</strong></span> <span class='ocrx_word' id='word_1_322' title='bbox 1477 2297 1598 2337; x_wconf 83' lang='lat' dir='ltr'><strong>exuri</strong></span> <span class='ocrx_word' id='word_1_323' title='bbox 1624 2311 1769 2350; x_wconf 87' lang='lat' dir='ltr'><strong>passus</strong></span> <span class='ocrx_word' id='word_1_324' title='bbox 1802 2305 1868 2338; x_wconf 88' lang='lat' dir='ltr'><strong>est</strong></span> 
     </span>
     <span class='ocr_line' id='line_1_35' title="bbox 96 2352 1868 2408; baseline 0.001 -14"><span class='ocrx_word' id='word_1_325' title='bbox 96 2353 287 2407; x_wconf 82' lang='lat' dir='ltr'><strong>dixitque</strong></span> <span class='ocrx_word' id='word_1_326' title='bbox 310 2352 416 2393; x_wconf 87' lang='lat' dir='ltr'><strong>tales</strong></span> <span class='ocrx_word' id='word_1_327' title='bbox 435 2358 650 2394; x_wconf 89' lang='lat' dir='ltr'><strong>trecentos</strong></span> <span class='ocrx_word' id='word_1_328' title='bbox 687 2364 781 2392; x_wconf 86' lang='lat' dir='ltr'><strong>esse</strong></span> <span class='ocrx_word' id='word_1_329' title='bbox 813 2354 1056 2393; x_wconf 76' lang='lat' dir='ltr'><strong>coniuratos</strong></span> <span class='ocrx_word' id='word_1_330' title='bbox 1077 2355 1118 2392; x_wconf 83' lang='grc' dir='ltr'><em>ιή</em></span> <span class='ocrx_word' id='word_1_331' title='bbox 1152 2357 1326 2393; x_wconf 76' lang='lat' dir='ltr'><strong>mortem</strong></span> <span class='ocrx_word' id='word_1_332' title='bbox 1358 2355 1494 2408; x_wconf 77' lang='lat' dir='ltr'><strong>ipsius</strong></span> <span class='ocrx_word' id='word_1_333' title='bbox 1526 2356 1652 2406; x_wconf 71' lang='lat' dir='ltr'><strong>regis.</strong></span> <span class='ocrx_word' id='word_1_334' title='bbox 1695 2368 1868 2408; x_wconf 86' lang='lat' dir='ltr'><strong>quorum</strong></span> 
     </span>
     <span class='ocr_line' id='line_1_36' title="bbox 94 2409 1869 2466; baseline 0.002 -16"><span class='ocrx_word' id='word_1_335' title='bbox 94 2410 549 2451; x_wconf 87' lang='lat' dir='ltr'><strong>admirationecoactus</strong></span> <span class='ocrx_word' id='word_1_336' title='bbox 563 2409 776 2451; x_wconf 86' lang='lat' dir='ltr'><strong>Porsenna</strong></span> <span class='ocrx_word' id='word_1_337' title='bbox 801 2410 916 2464; x_wconf 84' lang='lat' dir='ltr'><strong>pacis</strong></span> <span class='ocrx_word' id='word_1_338' title='bbox 939 2410 1209 2450; x_wconf 78' lang='lat' dir='ltr'><strong>condiciones</strong></span> <span class='ocrx_word' id='word_1_339' title='bbox 1231 2409 1339 2451; x_wconf 77' lang='lat' dir='ltr'><strong>ferre</strong></span> <span class='ocrx_word' id='word_1_340' title='bbox 1352 2410 1505 2451; x_wconf 89' lang='lat' dir='ltr'><strong>bellum</strong></span> <span class='ocrx_word' id='word_1_341' title='bbox 1524 2412 1668 2452; x_wconf 89' lang='lat' dir='ltr'><strong>omisit</strong></span> <span class='ocrx_word' id='word_1_342' title='bbox 1685 2413 1869 2466; x_wconf 85' lang='lat' dir='ltr'><strong>acceptis</strong></span> 
     </span>
     <span class='ocr_line' id='line_1_37' title="bbox 95 2467 1866 2523; baseline 0.001 -14"><span class='ocrx_word' id='word_1_343' title='bbox 95 2467 325 2509; x_wconf 88' lang='lat' dir='ltr'><strong>obsidibus.</strong></span> <span class='ocrx_word' id='word_1_344' title='bbox 357 2482 409 2510; x_wconf 75' lang='lat' dir='ltr'><strong>ex</strong></span> <span class='ocrx_word' id='word_1_345' title='bbox 431 2468 578 2523; x_wconf 91' lang='lat' dir='ltr'><strong>quibus</strong></span> <span class='ocrx_word' id='word_1_346' title='bbox 601 2469 724 2519; x_wconf 84' lang='lat' dir='ltr'><strong>virgo</strong></span> <span class='ocrx_word' id='word_1_347' title='bbox 748 2481 828 2508; x_wconf 89' lang='lat' dir='ltr'><strong>una</strong></span> <span class='ocrx_word' id='word_1_348' title='bbox 851 2468 1013 2508; x_wconf 85' lang='lat' dir='ltr'><strong>Cloelia</strong></span> <span class='ocrx_word' id='word_1_349' title='bbox 1038 2468 1222 2521; x_wconf 84' lang='lat' dir='ltr'><strong>deceptis</strong></span> <span class='ocrx_word' id='word_1_350' title='bbox 1246 2469 1489 2510; x_wconf 76' lang='lat' dir='ltr'><strong>custodibus</strong></span> <span class='ocrx_word' id='word_1_351' title='bbox 1513 2482 1586 2522; x_wconf 90' lang='lat' dir='ltr'><strong>per</strong></span> <span class='ocrx_word' id='word_1_352' title='bbox 1608 2468 1793 2510; x_wconf 88' lang='lat' dir='ltr'><strong>Tiberim</strong></span> <span class='ocrx_word' id='word_1_353' title='bbox 1816 2471 1866 2510; x_wconf 91' lang='lat' dir='ltr'><strong>ad</strong></span> 
     </span>
     <span class='ocr_line' id='line_1_38' title="bbox 95 2525 1868 2580; baseline 0.001 -13"><span class='ocrx_word' id='word_1_354' title='bbox 95 2538 193 2567; x_wconf 85' lang='lat' dir='ltr'><strong>suos</strong></span> <span class='ocrx_word' id='word_1_355' title='bbox 216 2527 457 2567; x_wconf 84' lang='lat' dir='ltr'><strong>transnavit</strong></span> <span class='ocrx_word' id='word_1_356' title='bbox 479 2532 536 2578; x_wconf 88' lang='lat' dir='ltr'><strong>et,</strong></span> <span class='ocrx_word' id='word_1_357' title='bbox 559 2539 649 2566; x_wconf 92' lang='lat' dir='ltr'><strong>cum</strong></span> <span class='ocrx_word' id='word_1_358' title='bbox 673 2525 836 2566; x_wconf 86' lang='lat' dir='ltr'><strong>reddita</strong></span> <span class='ocrx_word' id='word_1_359' title='bbox 860 2532 988 2578; x_wconf 87' lang='lat' dir='ltr'><strong>esset,</strong></span> <span class='ocrx_word' id='word_1_360' title='bbox 1011 2540 1032 2565; x_wconf 87' lang='lat' dir='ltr'><strong>a</strong></span> <span class='ocrx_word' id='word_1_361' title='bbox 1047 2525 1259 2567; x_wconf 81' lang='lat' dir='ltr'><strong>Porsenna</strong></span> <span class='ocrx_word' id='word_1_362' title='bbox 1282 2526 1511 2566; x_wconf 80' lang='lat' dir='ltr'><strong>honorilice</strong></span> <span class='ocrx_word' id='word_1_363' title='bbox 1534 2527 1720 2577; x_wconf 85' lang='lat' dir='ltr'><strong>remissa,</strong></span> <span class='ocrx_word' id='word_1_364' title='bbox 1743 2541 1868 2580; x_wconf 86' lang='lat' dir='ltr'><strong>eque-</strong></span> 
     </span>
     <span class='ocr_line' id='line_1_39' title="bbox 97 2583 1868 2638; baseline 0 -13"><span class='ocrx_word' id='word_1_365' title='bbox 97 2583 178 2625; x_wconf 90' lang='lat' dir='ltr'><strong>stri</strong></span> <span class='ocrx_word' id='word_1_366' title='bbox 209 2589 351 2625; x_wconf 84' lang='lat' dir='ltr'><strong>statua</strong></span> <span class='ocrx_word' id='word_1_367' title='bbox 381 2584 534 2626; x_wconf 86' lang='lat' dir='ltr'><strong>donata</strong></span> <span class='ocrx_word' id='word_1_368' title='bbox 564 2591 642 2625; x_wconf 89' lang='lat' dir='ltr'><strong>cst.</strong></span> <span class='ocrx_word' id='word_1_369' title='bbox 674 2584 879 2624; x_wconf 84' lang='lat' dir='ltr'><strong>adversus</strong></span> <span class='ocrx_word' id='word_1_370' title='bbox 915 2583 1188 2637; x_wconf 89' lang='lat' dir='ltr'><strong>Tarquinium</strong></span> <span class='ocrx_word' id='word_1_371' title='bbox 1225 2584 1454 2638; x_wconf 79' lang='lat' dir='ltr'><strong>Superbum</strong></span> <span class='ocrx_word' id='word_1_372' title='bbox 1497 2599 1586 2625; x_wconf 80' lang='lat' dir='ltr'><strong>eum</strong></span> <span class='ocrx_word' id='word_1_373' title='bbox 1625 2584 1868 2625; x_wconf 86' lang='lat' dir='ltr'><strong>Latinorum</strong></span> 
     </span>
     <span class='ocr_line' id='line_1_40' title="bbox 97 2641 1866 2696; baseline 0 -13"><span class='ocrx_word' id='word_1_374' title='bbox 97 2641 291 2684; x_wconf 82' lang='lat' dir='ltr'><strong>exercitu</strong></span> <span class='ocrx_word' id='word_1_375' title='bbox 322 2641 476 2682; x_wconf 86' lang='lat' dir='ltr'><strong>bellum</strong></span> <span class='ocrx_word' id='word_1_376' title='bbox 499 2641 750 2684; x_wconf 81' lang='lat' dir='ltr'><strong>inferentem</strong></span> <span class='ocrx_word' id='word_1_377' title='bbox 774 2642 906 2682; x_wconf 72' lang='lat' dir='ltr'><strong>Aulus</strong></span> <span class='ocrx_word' id='word_1_378' title='bbox 944 2641 1182 2682; x_wconf 88' lang='lat' dir='ltr'><strong>Postumius</strong></span> <span class='ocrx_word' id='word_1_379' title='bbox 1206 2642 1391 2683; x_wconf 69' lang='lat' dir='ltr'><strong>dictator</strong></span> <span class='ocrx_word' id='word_1_380' title='bbox 1431 2655 1630 2696; x_wconf 87' lang='lat' dir='ltr'><strong>prospere.</strong></span> <span class='ocrx_word' id='word_1_381' title='bbox 1654 2643 1866 2695; x_wconf 63' lang='lat' dir='ltr'><strong>pugnaxit.</strong></span> 
     </span>
     <span class='ocr_line' id='line_1_41' title="bbox 99 2697 1866 2756; baseline -0.001 -14"><span class='ocrx_word' id='word_1_382' title='bbox 99 2702 174 2756; x_wconf 81' lang='lat' dir='ltr'><strong>Ap.</strong></span> <span class='ocrx_word' id='word_1_383' title='bbox 197 2697 399 2740; x_wconf 86' lang='lat' dir='ltr'><strong>Claudius</strong></span> <span class='ocrx_word' id='word_1_384' title='bbox 421 2712 472 2740; x_wconf 85' lang='lat' dir='ltr'><strong>ex</strong></span> <span class='ocrx_word' id='word_1_385' title='bbox 495 2700 664 2741; x_wconf 87' lang='lat' dir='ltr'><strong>Sabinis</strong></span> <span class='ocrx_word' id='word_1_386' title='bbox 687 2699 855 2741; x_wconf 83' lang='lat' dir='ltr'><strong>Romam</strong></span> <span class='ocrx_word' id='word_1_387' title='bbox 877 2697 1128 2751; x_wconf 79' lang='lat' dir='ltr'><strong>transfugit:</strong></span> <span class='ocrx_word' id='word_1_388' title='bbox 1163 2699 1212 2739; x_wconf 92' lang='lat' dir='ltr'><strong>ob</strong></span> <span class='ocrx_word' id='word_1_389' title='bbox 1237 2701 1314 2740; x_wconf 89' lang='lat' dir='ltr'><strong>hoc</strong></span> <span class='ocrx_word' id='word_1_390' title='bbox 1337 2700 1511 2740; x_wconf 81' lang='lat' dir='ltr'><strong>Claudia</strong></span> <span class='ocrx_word' id='word_1_391' title='bbox 1543 2700 1678 2740; x_wconf 87' lang='lat' dir='ltr'><strong>tribus</strong></span> <span class='ocrx_word' id='word_1_392' title='bbox 1701 2701 1866 2741; x_wconf 84' lang='lat' dir='ltr'><strong>adiecta</strong></span> 
     </span>
     <span class='ocr_line' id='line_1_42' title="bbox 98 2757 1867 2812; baseline 0 -13"><span class='ocrx_word' id='word_1_393' title='bbox 98 2764 140 2800; x_wconf 89' lang='lat' dir='ltr'><strong>et</strong></span> <span class='ocrx_word' id='word_1_394' title='bbox 182 2770 375 2799; x_wconf 90' lang='lat' dir='ltr'><strong>numerus</strong></span> <span class='ocrx_word' id='word_1_395' title='bbox 418 2757 604 2798; x_wconf 91' lang='lat' dir='ltr'><strong>tribuum</strong></span> <span class='ocrx_word' id='word_1_396' title='bbox 636 2758 857 2812; x_wconf 88' lang='lat' dir='ltr'><strong>ampliatus</strong></span> <span class='ocrx_word' id='word_1_397' title='bbox 901 2763 988 2810; x_wconf 91' lang='lat' dir='ltr'><strong>est,</strong></span> <span class='ocrx_word' id='word_1_398' title='bbox 1029 2763 1074 2798; x_wconf 85' lang='lat' dir='ltr'><strong>ut</strong></span> <span class='ocrx_word' id='word_1_399' title='bbox 1116 2764 1256 2798; x_wconf 86' lang='lat' dir='ltr'><strong>essent</strong></span> <span class='ocrx_word' id='word_1_400' title='bbox 1295 2757 1448 2810; x_wconf 79' lang='lat' dir='ltr'><strong>viginti</strong></span> <span class='ocrx_word' id='word_1_401' title='bbox 1487 2772 1579 2799; x_wconf 88' lang='lat' dir='ltr'><strong>una.</strong></span> <span class='ocrx_word' id='word_1_402' title='bbox 1627 2759 1743 2811; x_wconf 87' lang='lat' dir='ltr'><strong>plebs</strong></span> <span class='ocrx_word' id='word_1_403' title='bbox 1776 2771 1867 2799; x_wconf 80' lang='lat' dir='ltr'><strong>cuni</strong></span> 
     </span>
     <span class='ocr_line' id='line_1_43' title="bbox 98 2815 1867 2872; baseline -0.001 -14"><span class='ocrx_word' id='word_1_404' title='bbox 98 2822 269 2872; x_wconf 83' lang='lat' dir='ltr'><strong>propter</strong></span> <span class='ocrx_word' id='word_1_405' title='bbox 291 2828 421 2856; x_wconf 85' lang='lat' dir='ltr'><strong>nexos</strong></span> <span class='ocrx_word' id='word_1_406' title='bbox 443 2815 494 2855; x_wconf 90' lang='lat' dir='ltr'><strong>ob</strong></span> <span class='ocrx_word' id='word_1_407' title='bbox 516 2828 588 2856; x_wconf 89' lang='lat' dir='ltr'><strong>aes</strong></span> <span class='ocrx_word' id='word_1_408' title='bbox 610 2815 793 2856; x_wconf 88' lang='lat' dir='ltr'><strong>alienum</strong></span> <span class='ocrx_word' id='word_1_409' title='bbox 815 2816 854 2855; x_wconf 91' lang='lat' dir='ltr'><strong>in</strong></span> <span class='ocrx_word' id='word_1_410' title='bbox 885 2815 1057 2855; x_wconf 83' lang='lat' dir='ltr'><strong>Sacrum</strong></span> <span class='ocrx_word' id='word_1_411' title='bbox 1078 2821 1257 2856; x_wconf 89' lang='lat' dir='ltr'><strong>montem</strong></span> <span class='ocrx_word' id='word_1_412' title='bbox 1279 2816 1545 2869; x_wconf 85' lang='lat' dir='ltr'><strong>secessisset,</strong></span> <span class='ocrx_word' id='word_1_413' title='bbox 1577 2815 1756 2856; x_wconf 84' lang='lat' dir='ltr'><strong>consilio</strong></span> <span class='ocrx_word' id='word_1_414' title='bbox 1780 2816 1867 2857; x_wconf 77' lang='lat' dir='ltr'><strong>Me-</strong></span> 
     </span>
     <span class='ocr_line' id='line_1_44' title="bbox 98 2873 1867 2928; baseline -0.001 -12"><span class='ocrx_word' id='word_1_415' title='bbox 98 2874 194 2917; x_wconf 86' lang='lat' dir='ltr'><strong>neni</strong></span> <span class='ocrx_word' id='word_1_416' title='bbox 232 2874 438 2928; x_wconf 79' lang='lat' dir='ltr'><strong>Agrippae</strong></span> <span class='ocrx_word' id='word_1_417' title='bbox 471 2885 494 2913; x_wconf 88' lang='lat' dir='ltr'><strong>a</strong></span> <span class='ocrx_word' id='word_1_418' title='bbox 530 2873 738 2914; x_wconf 85' lang='lat' dir='ltr'><strong>seditione</strong></span> <span class='ocrx_word' id='word_1_419' title='bbox 770 2878 968 2914; x_wconf 87' lang='lat' dir='ltr'><strong>revocata</strong></span> <span class='ocrx_word' id='word_1_420' title='bbox 1002 2878 1080 2914; x_wconf 89' lang='lat' dir='ltr'><strong>est.</strong></span> <span class='ocrx_word' id='word_1_421' title='bbox 1115 2873 1222 2914; x_wconf 88' lang='lat' dir='ltr'><strong>idem</strong></span> <span class='ocrx_word' id='word_1_422' title='bbox 1252 2874 1435 2927; x_wconf 74' lang='lat' dir='ltr'><strong>Agrippa</strong></span> <span class='ocrx_word' id='word_1_423' title='bbox 1474 2887 1563 2915; x_wconf 90' lang='lat' dir='ltr'><strong>cum</strong></span> <span class='ocrx_word' id='word_1_424' title='bbox 1597 2873 1867 2923; x_wconf 83' lang='lat' dir='ltr'><strong>decessisset,</strong></span> 
     </span>
     <span class='ocr_line' id='line_1_45' title="bbox 96 2930 1862 2989; baseline -0.002 -15"><span class='ocrx_word' id='word_1_425' title='bbox 96 2938 268 2989; x_wconf 88' lang='lat' dir='ltr'><strong>propter</strong></span> <span class='ocrx_word' id='word_1_426' title='bbox 299 2936 588 2985; x_wconf 85' lang='lat' dir='ltr'><strong>paupertatem</strong></span> <span class='ocrx_word' id='word_1_427' title='bbox 622 2930 788 2985; x_wconf 89' lang='lat' dir='ltr'><strong>publico</strong></span> <span class='ocrx_word' id='word_1_428' title='bbox 823 2931 1015 2984; x_wconf 89' lang='lat' dir='ltr'><strong>inpendio</strong></span> <span class='ocrx_word' id='word_1_429' title='bbox 1050 2931 1185 2972; x_wconf 87' lang='lat' dir='ltr'><strong>elatus</strong></span> <span class='ocrx_word' id='word_1_430' title='bbox 1217 2938 1296 2972; x_wconf 89' lang='lat' dir='ltr'><strong>est.</strong></span> <span class='ocrx_word' id='word_1_431' title='bbox 1330 2931 1488 2972; x_wconf 88' lang='lat' dir='ltr'><strong>tribuni</strong></span> <span class='ocrx_word' id='word_1_432' title='bbox 1523 2930 1658 2984; x_wconf 90' lang='lat' dir='ltr'><strong>plebis</strong></span> <span class='ocrx_word' id='word_1_433' title='bbox 1682 2932 1862 2985; x_wconf 87' lang='lat' dir='ltr'><strong>quinque</strong></span> 
     </span>
     <span class='ocr_line' id='line_1_46' title="bbox 97 2988 1863 3043; baseline -0.002 -11"><span class='ocrx_word' id='word_1_434' title='bbox 97 2990 232 3033; x_wconf 84' lang='lat' dir='ltr'><strong>creati</strong></span> <span class='ocrx_word' id='word_1_435' title='bbox 254 2995 362 3031; x_wconf 89' lang='lat' dir='ltr'><strong>sunt.</strong></span> <span class='ocrx_word' id='word_1_436' title='bbox 396 2988 589 3042; x_wconf 90' lang='lat' dir='ltr'><strong>oppidum</strong></span> <span class='ocrx_word' id='word_1_437' title='bbox 615 2988 865 3030; x_wconf 87' lang='lat' dir='ltr'><strong>Vulscornm</strong></span> <span class='ocrx_word' id='word_1_438' title='bbox 889 2988 1052 3028; x_wconf 89' lang='lat' dir='ltr'><strong>Corioli</strong></span> <span class='ocrx_word' id='word_1_439' title='bbox 1084 2995 1247 3041; x_wconf 85' lang='lat' dir='ltr'><strong>captum</strong></span> <span class='ocrx_word' id='word_1_440' title='bbox 1278 2995 1343 3030; x_wconf 92' lang='lat' dir='ltr'><strong>est</strong></span> <span class='ocrx_word' id='word_1_441' title='bbox 1374 2989 1535 3029; x_wconf 89' lang='lat' dir='ltr'><strong>virtute</strong></span> <span class='ocrx_word' id='word_1_442' title='bbox 1559 2994 1601 3028; x_wconf 92' lang='lat' dir='ltr'><strong>et</strong></span> <span class='ocrx_word' id='word_1_443' title='bbox 1638 3001 1763 3043; x_wconf 83' lang='lat' dir='ltr'><strong>opera</strong></span> <span class='ocrx_word' id='word_1_444' title='bbox 1790 2990 1863 3029; x_wconf 83' lang='lat' dir='ltr'><strong>Cn.</strong></span> 
     </span>
     <span class='ocr_line' id='line_1_47' title="bbox 97 3045 1863 3101; baseline -0.003 -12"><span class='ocrx_word' id='word_1_445' title='bbox 97 3046 245 3101; x_wconf 84' lang='lat' dir='ltr'><strong>Marci,</strong></span> <span class='ocrx_word' id='word_1_446' title='bbox 268 3047 339 3101; x_wconf 92' lang='lat' dir='ltr'><strong>qui</strong></span> <span class='ocrx_word' id='word_1_447' title='bbox 361 3046 411 3088; x_wconf 92' lang='lat' dir='ltr'><strong>ob</strong></span> <span class='ocrx_word' id='word_1_448' title='bbox 432 3046 510 3087; x_wconf 89' lang='lat' dir='ltr'><strong>hoc</strong></span> <span class='ocrx_word' id='word_1_449' title='bbox 524 3046 774 3086; x_wconf 88' lang='lat' dir='ltr'><strong>Coriolanus</strong></span> <span class='ocrx_word' id='word_1_450' title='bbox 797 3051 972 3086; x_wconf 87' lang='lat' dir='ltr'><strong>vocatus</strong></span> <span class='ocrx_word' id='word_1_451' title='bbox 994 3051 1072 3086; x_wconf 90' lang='lat' dir='ltr'><strong>est.</strong></span> <span class='ocrx_word' id='word_1_452' title='bbox 1104 3046 1151 3087; x_wconf 90' lang='lat' dir='ltr'><strong>T.</strong></span> <span class='ocrx_word' id='word_1_453' title='bbox 1167 3045 1371 3094; x_wconf 86' lang='lat' dir='ltr'><strong>Latinius,</strong></span> <span class='ocrx_word' id='word_1_454' title='bbox 1396 3047 1466 3087; x_wconf 82' lang='lat' dir='ltr'><strong>vir</strong></span> <span class='ocrx_word' id='word_1_455' title='bbox 1489 3047 1537 3087; x_wconf 85' lang='lat' dir='ltr'><strong>de</strong></span> <span class='ocrx_word' id='word_1_456' title='bbox 1558 3046 1689 3099; x_wconf 84' lang='lat' dir='ltr'><strong>plebe,</strong></span> <span class='ocrx_word' id='word_1_457' title='bbox 1709 3060 1798 3087; x_wconf 86' lang='lat' dir='ltr'><strong>cum</strong></span> <span class='ocrx_word' id='word_1_458' title='bbox 1824 3046 1863 3085; x_wconf 93' lang='lat' dir='ltr'><strong>in</strong></span> 
     </span>
     <span class='ocr_line' id='line_1_48' title="bbox 96 3102 1864 3158; baseline -0.003 -11"><span class='ocrx_word' id='word_1_459' title='bbox 96 3105 192 3147; x_wconf 86' lang='lat' dir='ltr'><strong>visu</strong></span> <span class='ocrx_word' id='word_1_460' title='bbox 212 3104 464 3157; x_wconf 84' lang='lat' dir='ltr'><strong>admonitus,</strong></span> <span class='ocrx_word' id='word_1_461' title='bbox 488 3110 534 3145; x_wconf 93' lang='lat' dir='ltr'><strong>ut</strong></span> <span class='ocrx_word' id='word_1_462' title='bbox 553 3105 602 3144; x_wconf 89' lang='lat' dir='ltr'><strong>dc</strong></span> <span class='ocrx_word' id='word_1_463' title='bbox 624 3103 867 3158; x_wconf 86' lang='lat' dir='ltr'><strong>quibusdam</strong></span> <span class='ocrx_word' id='word_1_464' title='bbox 897 3102 1174 3154; x_wconf 81' lang='lat' dir='ltr'><strong>religionibus</strong></span> <span class='ocrx_word' id='word_1_465' title='bbox 1197 3105 1247 3145; x_wconf 89' lang='lat' dir='ltr'><strong>ad</strong></span> <span class='ocrx_word' id='word_1_466' title='bbox 1271 3110 1458 3145; x_wconf 88' lang='lat' dir='ltr'><strong>senatum</strong></span> <span class='ocrx_word' id='word_1_467' title='bbox 1481 3102 1701 3158; x_wconf 78' lang='lat' dir='ltr'><strong>perferret,</strong></span> <span class='ocrx_word' id='word_1_468' title='bbox 1728 3104 1766 3143; x_wconf 85' lang='lat' dir='ltr'><strong>id</strong></span> <span class='ocrx_word' id='word_1_469' title='bbox 1792 3116 1864 3142; x_wconf 89' lang='lat' dir='ltr'><strong>ne-</strong></span> 
     </span>
     <span class='ocr_line' id='line_1_49' title="bbox 97 3159 1865 3216; baseline -0.003 -12"><span class='ocrx_word' id='word_1_470' title='bbox 97 3162 318 3216; x_wconf 72' lang='lat' dir='ltr'><strong>glexisset,</strong></span> <span class='ocrx_word' id='word_1_471' title='bbox 338 3162 493 3203; x_wconf 85' lang='lat' dir='ltr'><strong>amisso</strong></span> <span class='ocrx_word' id='word_1_472' title='bbox 519 3161 603 3202; x_wconf 84' lang='lat' dir='ltr'><strong>lilio</strong></span> <span class='ocrx_word' id='word_1_473' title='bbox 627 3161 799 3215; x_wconf 89' lang='lat' dir='ltr'><strong>pedibus</strong></span> <span class='ocrx_word' id='word_1_474' title='bbox 823 3160 973 3201; x_wconf 89' lang='lat' dir='ltr'><strong>debilis</strong></span> <span class='ocrx_word' id='word_1_475' title='bbox 996 3159 1145 3211; x_wconf 82' lang='lat' dir='ltr'><strong>factus,</strong></span> <span class='ocrx_word' id='word_1_476' title='bbox 1175 3169 1389 3216; x_wconf 80' lang='lat' dir='ltr'><strong>postquam</strong></span> <span class='ocrx_word' id='word_1_477' title='bbox 1413 3163 1578 3202; x_wconf 85' lang='lat' dir='ltr'><strong>delatus</strong></span> <span class='ocrx_word' id='word_1_478' title='bbox 1600 3162 1649 3201; x_wconf 88' lang='lat' dir='ltr'><strong>ad</strong></span> <span class='ocrx_word' id='word_1_479' title='bbox 1676 3166 1865 3201; x_wconf 87' lang='lat' dir='ltr'><strong>senatum</strong></span> 
     </span>
     <span class='ocr_line' id='line_1_50' title="bbox 100 3219 1865 3273; baseline -0.002 -13"><span class='ocrx_word' id='word_1_480' title='bbox 100 3219 252 3261; x_wconf 85' lang='lat' dir='ltr'><strong>lectica</strong></span> <span class='ocrx_word' id='word_1_481' title='bbox 273 3219 414 3261; x_wconf 85' lang='lat' dir='ltr'><strong>eadem</strong></span> <span class='ocrx_word' id='word_1_482' title='bbox 432 3219 508 3260; x_wconf 91' lang='lat' dir='ltr'><strong>illa</strong></span> <span class='ocrx_word' id='word_1_483' title='bbox 525 3219 803 3271; x_wconf 74' lang='lat' dir='ltr'><strong>indicaverat,</strong></span> <span class='ocrx_word' id='word_1_484' title='bbox 831 3231 907 3259; x_wconf 90' lang='lat' dir='ltr'><strong>usu</strong></span> <span class='ocrx_word' id='word_1_485' title='bbox 925 3219 1070 3272; x_wconf 90' lang='lat' dir='ltr'><strong>pedum</strong></span> <span class='ocrx_word' id='word_1_486' title='bbox 1091 3226 1259 3273; x_wconf 88' lang='lat' dir='ltr'><strong>recepto</strong></span> <span class='ocrx_word' id='word_1_487' title='bbox 1273 3221 1434 3260; x_wconf 85' lang='lat' dir='ltr'><strong>domum</strong></span> <span class='ocrx_word' id='word_1_488' title='bbox 1455 3231 1653 3260; x_wconf 84' lang='lat' dir='ltr'><strong>reversus</strong></span> <span class='ocrx_word' id='word_1_489' title='bbox 1673 3224 1750 3258; x_wconf 81' lang='lat' dir='ltr'><strong>est.</strong></span> <span class='ocrx_word' id='word_1_490' title='bbox 1774 3229 1865 3256; x_wconf 79' lang='lat' dir='ltr'><strong>cum</strong></span> 
     </span>
     <span class='ocr_line' id='line_1_51' title="bbox 100 3273 1864 3332; baseline -0.002 -15"><span class='ocrx_word' id='word_1_491' title='bbox 100 3278 170 3317; x_wconf 72' lang='lat' dir='ltr'><strong>Cu.</strong></span> <span class='ocrx_word' id='word_1_492' title='bbox 192 3276 376 3319; x_wconf 88' lang='lat' dir='ltr'><strong>Marcius</strong></span> <span class='ocrx_word' id='word_1_493' title='bbox 398 3276 662 3331; x_wconf 89' lang='lat' dir='ltr'><strong>Coriolanus,</strong></span> <span class='ocrx_word' id='word_1_494' title='bbox 681 3277 750 3330; x_wconf 92' lang='lat' dir='ltr'><strong>qui</strong></span> <span class='ocrx_word' id='word_1_495' title='bbox 774 3277 814 3317; x_wconf 90' lang='lat' dir='ltr'><strong>in</strong></span> <span class='ocrx_word' id='word_1_496' title='bbox 839 3276 1012 3317; x_wconf 83' lang='lat' dir='ltr'><strong>exilium</strong></span> <span class='ocrx_word' id='word_1_497' title='bbox 1035 3283 1128 3318; x_wconf 86' lang='lat' dir='ltr'><strong>erat</strong></span> <span class='ocrx_word' id='word_1_498' title='bbox 1151 3277 1307 3332; x_wconf 90' lang='lat' dir='ltr'><strong>pulsus,</strong></span> <span class='ocrx_word' id='word_1_499' title='bbox 1343 3278 1427 3318; x_wconf 74' lang='lat' dir='ltr'><strong>dux</strong></span> <span class='ocrx_word' id='word_1_500' title='bbox 1452 3277 1704 3316; x_wconf 60' lang='lat' dir='ltr'><strong>vulscorum</strong></span> <span class='ocrx_word' id='word_1_501' title='bbox 1728 3273 1864 3315; x_wconf 80' lang='lat' dir='ltr'><strong>sactus</strong></span> 
     </span>
    </p>
   </div>
   <div class='ocr_carea' id='block_1_5' title="bbox 1429 3346 1512 3389">
    <p class='ocr_par' dir='ltr' id='par_1_5' title="bbox 1429 3346 1512 3389">
     <span class='ocr_line' id='line_1_52' title="bbox 1429 3346 1512 3389; baseline -0.024 0"><span class='ocrx_word' id='word_1_502' title='bbox 1429 3346 1512 3389; x_wconf 66' lang='lat'><strong>⁸23*</strong></span> 
     </span>
    </p>
   </div>
  </div>
 </body>
</html>
