<?xml version="1.0" encoding="UTF-8"?>
<!DOCTYPE html PUBLIC "-//W3C//DTD XHTML 1.0 Transitional//EN"
    "http://www.w3.org/TR/xhtml1/DTD/xhtml1-transitional.dtd">
<html xmlns="http://www.w3.org/1999/xhtml" xml:lang="en" lang="en">
 <head>
  <title>
</title>
<meta http-equiv="Content-Type" content="text/html;charset=utf-8" />
  <meta name='ocr-system' content='tesseract 3.04.00' />
  <meta name='ocr-capabilities' content='ocr_page ocr_carea ocr_par ocr_line ocrx_word'/>
</head>
<body>
  <div class='ocr_page' id='page_1' title='image "./aburbeconditali01livy_0429.png"; bbox 0 0 2221 3537; ppageno 0'>
   <div class='ocr_carea' id='block_1_1' title="bbox 171 185 1941 239">
    <p class='ocr_par' dir='ltr' id='par_1_1' title="bbox 171 185 1941 239">
     <span class='ocr_line' id='line_1_1' title="bbox 171 185 1941 239; baseline -0.007 -3"><span class='ocrx_word' id='word_1_1' title='bbox 171 210 206 236; x_wconf 72' lang='grc' dir='ltr'>ι.</span> <span class='ocrx_word' id='word_1_2' title='bbox 233 202 301 237; x_wconf 77' lang='lat' dir='ltr'><strong>ch.</strong></span> <span class='ocrx_word' id='word_1_3' title='bbox 326 202 404 236; x_wconf 75' lang='lat'><strong>460.</strong></span> <span class='ocrx_word' id='word_1_4' title='bbox 807 185 963 227; x_wconf 73' lang='lat' dir='ltr'>LIBER</span> <span class='ocrx_word' id='word_1_5' title='bbox 995 185 1063 227; x_wconf 85' lang='lat' dir='ltr'><strong>m.</strong></span> <span class='ocrx_word' id='word_1_6' title='bbox 1115 185 1233 227; x_wconf 79' lang='lat' dir='ltr'><strong>CAP.</strong></span> <span class='ocrx_word' id='word_1_7' title='bbox 1261 187 1324 228; x_wconf 76' lang='lat'>19.</span> <span class='ocrx_word' id='word_1_8' title='bbox 1875 189 1941 239; x_wconf 85' lang='lat'>39</span> 
     </span>
    </p>
   </div>
   <div class='ocr_carea' id='block_1_2' title="bbox 165 311 2004 1652">
    <p class='ocr_par' dir='ltr' id='par_1_2' title="bbox 165 311 2004 1652">
     <span class='ocr_line' id='line_1_2' title="bbox 173 311 1940 379; baseline -0.002 -10"><span class='ocrx_word' id='word_1_9' title='bbox 173 317 473 374; x_wconf 81' lang='lat' dir='ltr'>cordiamm,</span> <span class='ocrx_word' id='word_1_10' title='bbox 500 317 674 365; x_wconf 84' lang='lat' dir='ltr'>iterum</span> <span class='ocrx_word' id='word_1_11' title='bbox 707 328 763 363; x_wconf 88' lang='lat' dir='ltr'>ac</span> <span class='ocrx_word' id='word_1_12' title='bbox 788 313 983 363; x_wconf 88' lang='lat' dir='ltr'>tertium</span> <span class='ocrx_word' id='word_1_13' title='bbox 1011 311 1235 362; x_wconf 87' lang='lat' dir='ltr'>tribunos</span> <span class='ocrx_word' id='word_1_14' title='bbox 1263 314 1491 377; x_wconf 81' lang='lat' dir='ltr'>pessimis</span> <span class='ocrx_word' id='word_1_15' title='bbox 1519 315 1701 365; x_wconf 83' lang='lat' dir='ltr'>artibus</span> <span class='ocrx_word' id='word_1_16' title='bbox 1729 316 1854 379; x_wconf 86' lang='lat' dir='ltr'>regia</span> <span class='ocrx_word' id='word_1_17' title='bbox 1881 316 1940 366; x_wconf 83' lang='lat' dir='ltr'>ii-</span> 
     </span>
     <span class='ocr_line' id='line_1_3' title="bbox 174 383 2002 452; baseline -0.002 -13"><span class='ocrx_word' id='word_1_18' title='bbox 174 389 328 439; x_wconf 77' lang='lat' dir='ltr'>eentia</span> <span class='ocrx_word' id='word_1_19' title='bbox 365 387 537 436; x_wconf 83' lang='lat' dir='ltr'>vivere.</span> <span class='ocrx_word' id='word_1_20' title='bbox 596 385 815 445; x_wconf 81' lang='lat' dir='ltr'><strong>„Aulus‘·</strong></span> <span class='ocrx_word' id='word_1_21' title='bbox 852 384 1010 448; x_wconf 85' lang='lat' dir='ltr'>inquit</span> <span class='ocrx_word' id='word_1_22' title='bbox 1044 383 1162 442; x_wconf 84' lang='lat' dir='ltr'>„iiie</span> <span class='ocrx_word' id='word_1_23' title='bbox 1194 383 1461 445; x_wconf 76' lang='lat' dir='ltr'>Verginius,</span> <span class='ocrx_word' id='word_1_24' title='bbox 1488 386 1598 448; x_wconf 81' lang='lat' dir='ltr'>quia</span> <span class='ocrx_word' id='word_1_25' title='bbox 1627 387 1672 435; x_wconf 89' lang='lat' dir='ltr'>in</span> <span class='ocrx_word' id='word_1_26' title='bbox 1701 386 1939 452; x_wconf 81' lang='lat' dir='ltr'>Capitolio</span> <span class='ocrx_word' id='word_1_27' title='bbox 1978 395 2002 435; x_wconf 81' lang='grc'>6</span> 
     </span>
     <span class='ocr_line' id='line_1_4' title="bbox 173 454 1943 522; baseline -0.001 -13"><span class='ocrx_word' id='word_1_28' title='bbox 173 472 273 509; x_wconf 87' lang='lat' dir='ltr'>non</span> <span class='ocrx_word' id='word_1_29' title='bbox 306 457 420 515; x_wconf 79' lang='lat' dir='ltr'>fuit,</span> <span class='ocrx_word' id='word_1_30' title='bbox 449 456 611 506; x_wconf 90' lang='lat' dir='ltr'><strong>minus</strong></span> <span class='ocrx_word' id='word_1_31' title='bbox 646 455 870 520; x_wconf 78' lang='lat' dir='ltr'><strong>supplicii</strong></span> <span class='ocrx_word' id='word_1_32' title='bbox 908 470 1053 519; x_wconf 85' lang='lat' dir='ltr'>quam</span> <span class='ocrx_word' id='word_1_33' title='bbox 1081 455 1266 519; x_wconf 80' lang='lat' dir='ltr'><strong>Appius</strong></span> <span class='ocrx_word' id='word_1_34' title='bbox 1294 454 1570 504; x_wconf 83' lang='lat' dir='ltr'>Herdonius</span> <span class='ocrx_word' id='word_1_35' title='bbox 1598 456 1808 506; x_wconf 79' lang='lat' dir='ltr'>meruit?</span> <span class='ocrx_word' id='word_1_36' title='bbox 1836 459 1943 522; x_wconf 84' lang='lat' dir='ltr'><strong>pius</strong></span> 
     </span>
     <span class='ocr_line' id='line_1_5' title="bbox 171 526 1942 592; baseline -0.001 -13"><span class='ocrx_word' id='word_1_37' title='bbox 171 527 364 579; x_wconf 80' lang='lat' dir='ltr'><strong>hercule</strong></span> <span class='ocrx_word' id='word_1_38' title='bbox 397 526 666 592; x_wconf 78' lang='lat' dir='ltr'>aliquantu,</span> <span class='ocrx_word' id='word_1_39' title='bbox 701 527 781 589; x_wconf 82' lang='lat' dir='ltr'>qui</span> <span class='ocrx_word' id='word_1_40' title='bbox 831 541 940 575; x_wconf 87' lang='lat' dir='ltr'>vere</span> <span class='ocrx_word' id='word_1_41' title='bbox 975 541 1076 574; x_wconf 83' lang='lat' dir='ltr'>rem</span> <span class='ocrx_word' id='word_1_42' title='bbox 1112 526 1368 574; x_wconf 85' lang='lat' dir='ltr'>aestimare</span> <span class='ocrx_word' id='word_1_43' title='bbox 1404 526 1527 574; x_wconf 80' lang='lat' dir='ltr'><strong>velit.</strong></span> <span class='ocrx_word' id='word_1_44' title='bbox 1590 526 1864 577; x_wconf 80' lang='lat' dir='ltr'>Herdonius</span> <span class='ocrx_word' id='word_1_45' title='bbox 1903 531 1942 578; x_wconf 89' lang='lat' dir='ltr'>si</span> 
     </span>
     <span class='ocr_line' id='line_1_6' title="bbox 170 596 1942 663; baseline 0 -16"><span class='ocrx_word' id='word_1_46' title='bbox 170 598 288 648; x_wconf 88' lang='lat' dir='ltr'>nihil</span> <span class='ocrx_word' id='word_1_47' title='bbox 314 597 439 647; x_wconf 83' lang='lat' dir='ltr'>aliud</span> <span class='ocrx_word' id='word_1_48' title='bbox 468 599 658 647; x_wconf 87' lang='lat' dir='ltr'>hostem</span> <span class='ocrx_word' id='word_1_49' title='bbox 688 613 740 646; x_wconf 89' lang='lat' dir='ltr'>se</span> <span class='ocrx_word' id='word_1_50' title='bbox 765 597 960 645; x_wconf 79' lang='lat' dir='ltr'>fatendo</span> <span class='ocrx_word' id='word_1_51' title='bbox 991 612 1145 660; x_wconf 78' lang='lat' dir='ltr'>prope</span> <span class='ocrx_word' id='word_1_52' title='bbox 1176 596 1489 654; x_wconf 86' lang='lat' dir='ltr'>denuntiavit,</span> <span class='ocrx_word' id='word_1_53' title='bbox 1519 604 1571 645; x_wconf 86' lang='lat' dir='ltr'>ut</span> <span class='ocrx_word' id='word_1_54' title='bbox 1590 613 1722 645; x_wconf 86' lang='lat' dir='ltr'>arma</span> <span class='ocrx_word' id='word_1_55' title='bbox 1744 614 1942 663; x_wconf 79' lang='lat' dir='ltr'>capere-</span> 
     </span>
     <span class='ocr_line' id='line_1_7' title="bbox 171 666 1941 732; baseline -0.001 -14"><span class='ocrx_word' id='word_1_56' title='bbox 171 668 258 727; x_wconf 81' lang='lat' dir='ltr'><strong>tis;</strong></span> <span class='ocrx_word' id='word_1_57' title='bbox 285 668 364 718; x_wconf 88' lang='lat' dir='ltr'>hic</span> <span class='ocrx_word' id='word_1_58' title='bbox 388 669 611 732; x_wconf 83' lang='lat' dir='ltr'>negando</span> <span class='ocrx_word' id='word_1_59' title='bbox 641 667 763 716; x_wconf 84' lang='lat' dir='ltr'>bella</span> <span class='ocrx_word' id='word_1_60' title='bbox 791 683 901 716; x_wconf 86' lang='lat' dir='ltr'>esse</span> <span class='ocrx_word' id='word_1_61' title='bbox 929 682 1061 716; x_wconf 86' lang='lat' dir='ltr'>arma</span> <span class='ocrx_word' id='word_1_62' title='bbox 1098 666 1238 715; x_wconf 89' lang='lat' dir='ltr'>vobis</span> <span class='ocrx_word' id='word_1_63' title='bbox 1278 668 1473 725; x_wconf 79' lang='lat' dir='ltr'>ademit,</span> <span class='ocrx_word' id='word_1_64' title='bbox 1504 668 1761 732; x_wconf 80' lang='lat' dir='ltr'>nudosque</span> <span class='ocrx_word' id='word_1_65' title='bbox 1790 671 1941 718; x_wconf 70' lang='lat' dir='ltr'>servis</span> 
     </span>
     <span class='ocr_line' id='line_1_8' title="bbox 170 737 1999 802; baseline -0.002 -13"><span class='ocrx_word' id='word_1_66' title='bbox 170 740 343 789; x_wconf 79' lang='lat' dir='ltr'>vestris</span> <span class='ocrx_word' id='word_1_67' title='bbox 377 746 424 788; x_wconf 87' lang='lat' dir='ltr'>et</span> <span class='ocrx_word' id='word_1_68' title='bbox 457 739 678 788; x_wconf 82' lang='lat' dir='ltr'>exulibus</span> <span class='ocrx_word' id='word_1_69' title='bbox 716 738 904 787; x_wconf 87' lang='lat' dir='ltr'>obiecit.</span> <span class='ocrx_word' id='word_1_70' title='bbox 965 745 1012 786; x_wconf 89' lang='lat' dir='ltr'>et</span> <span class='ocrx_word' id='word_1_71' title='bbox 1047 753 1134 786; x_wconf 89' lang='lat' dir='ltr'>vos</span> <span class='ocrx_word' id='word_1_72' title='bbox 1170 766 1240 772; x_wconf 71' lang='lat'>——</span> <span class='ocrx_word' id='word_1_73' title='bbox 1279 737 1328 786; x_wconf 90' lang='lat' dir='ltr'>C.</span> <span class='ocrx_word' id='word_1_74' title='bbox 1369 739 1533 787; x_wconf 83' lang='lat' dir='ltr'>Claudi</span> <span class='ocrx_word' id='word_1_75' title='bbox 1575 755 1693 802; x_wconf 80' lang='lat' dir='ltr'>pace</span> <span class='ocrx_word' id='word_1_76' title='bbox 1729 747 1776 788; x_wconf 84' lang='lat' dir='ltr'>et</span> <span class='ocrx_word' id='word_1_77' title='bbox 1803 739 1940 789; x_wconf 87' lang='lat' dir='ltr'>Publi</span> <span class='ocrx_word' id='word_1_78' title='bbox 1980 748 1999 785; x_wconf 77' lang='grc' dir='ltr'><strong><em>τ</em></strong></span> 
     </span>
     <span class='ocr_line' id='line_1_9' title="bbox 171 808 1941 874; baseline 0 -14"><span class='ocrx_word' id='word_1_79' title='bbox 171 809 327 860; x_wconf 83' lang='lat' dir='ltr'>Valeri</span> <span class='ocrx_word' id='word_1_80' title='bbox 352 810 534 860; x_wconf 84' lang='lat' dir='ltr'>mortui</span> <span class='ocrx_word' id='word_1_81' title='bbox 560 810 732 874; x_wconf 86' lang='lat' dir='ltr'>loquar</span> <span class='ocrx_word' id='word_1_82' title='bbox 756 839 824 844; x_wconf 78' lang='lat'>—-—</span> <span class='ocrx_word' id='word_1_83' title='bbox 854 808 990 873; x_wconf 87' lang='lat' dir='ltr'><strong>prius</strong></span> <span class='ocrx_word' id='word_1_84' title='bbox 1014 809 1060 857; x_wconf 92' lang='lat' dir='ltr'>in</span> <span class='ocrx_word' id='word_1_85' title='bbox 1089 809 1263 857; x_wconf 86' lang='lat' dir='ltr'>clivum</span> <span class='ocrx_word' id='word_1_86' title='bbox 1292 809 1617 872; x_wconf 80' lang='lat' dir='ltr'>Capitolinum</span> <span class='ocrx_word' id='word_1_87' title='bbox 1647 810 1782 873; x_wconf 87' lang='lat' dir='ltr'>signa</span> <span class='ocrx_word' id='word_1_88' title='bbox 1806 813 1941 860; x_wconf 84' lang='lat' dir='ltr'>intu-</span> 
     </span>
     <span class='ocr_line' id='line_1_10' title="bbox 170 877 1940 945; baseline 0 -15"><span class='ocrx_word' id='word_1_89' title='bbox 170 880 322 939; x_wconf 82' lang='lat' dir='ltr'>listis,</span> <span class='ocrx_word' id='word_1_90' title='bbox 350 896 494 945; x_wconf 89' lang='lat' dir='ltr'>quam</span> <span class='ocrx_word' id='word_1_91' title='bbox 523 881 615 930; x_wconf 89' lang='lat' dir='ltr'>hos</span> <span class='ocrx_word' id='word_1_92' title='bbox 644 881 800 929; x_wconf 86' lang='lat' dir='ltr'>hostis</span> <span class='ocrx_word' id='word_1_93' title='bbox 829 881 887 929; x_wconf 88' lang='lat' dir='ltr'>de</span> <span class='ocrx_word' id='word_1_94' title='bbox 912 880 1022 928; x_wconf 86' lang='lat' dir='ltr'>foro</span> <span class='ocrx_word' id='word_1_95' title='bbox 1053 877 1325 929; x_wconf 79' lang='lat' dir='ltr'>tolleretis?</span> <span class='ocrx_word' id='word_1_96' title='bbox 1356 881 1506 944; x_wconf 78' lang='lat' dir='ltr'>pudet</span> <span class='ocrx_word' id='word_1_97' title='bbox 1533 881 1738 930; x_wconf 88' lang='lat' dir='ltr'>deorum</span> <span class='ocrx_word' id='word_1_98' title='bbox 1768 882 1940 930; x_wconf 89' lang='lat' dir='ltr'>homi—</span> 
     </span>
     <span class='ocr_line' id='line_1_11' title="bbox 169 951 1943 1016; baseline 0.001 -16"><span class='ocrx_word' id='word_1_99' title='bbox 169 965 398 1016; x_wconf 81' lang='lat' dir='ltr'><strong>numque.</strong></span> <span class='ocrx_word' id='word_1_100' title='bbox 471 967 583 1002; x_wconf 87' lang='lat' dir='ltr'>cum</span> <span class='ocrx_word' id='word_1_101' title='bbox 628 952 795 1000; x_wconf 80' lang='lat' dir='ltr'>hostes</span> <span class='ocrx_word' id='word_1_102' title='bbox 832 951 878 999; x_wconf 91' lang='lat' dir='ltr'>in</span> <span class='ocrx_word' id='word_1_103' title='bbox 916 966 1048 1008; x_wconf 83' lang='lat' dir='ltr'>arce,</span> <span class='ocrx_word' id='word_1_104' title='bbox 1085 951 1133 999; x_wconf 92' lang='lat' dir='ltr'>in</span> <span class='ocrx_word' id='word_1_105' title='bbox 1171 951 1407 1015; x_wconf 80' lang='lat' dir='ltr'>Capitolio</span> <span class='ocrx_word' id='word_1_106' title='bbox 1444 959 1630 1009; x_wconf 84' lang='lat' dir='ltr'>essent,</span> <span class='ocrx_word' id='word_1_107' title='bbox 1670 952 1862 1001; x_wconf 87' lang='lat' dir='ltr'>exulum</span> <span class='ocrx_word' id='word_1_108' title='bbox 1897 960 1943 1002; x_wconf 86' lang='lat' dir='ltr'>et</span> 
     </span>
     <span class='ocr_line' id='line_1_12' title="bbox 170 1021 1940 1087; baseline 0 -16"><span class='ocrx_word' id='word_1_109' title='bbox 170 1036 423 1071; x_wconf 84' lang='lat' dir='ltr'>servorum</span> <span class='ocrx_word' id='word_1_110' title='bbox 463 1023 559 1072; x_wconf 90' lang='lat' dir='ltr'>dux</span> <span class='ocrx_word' id='word_1_111' title='bbox 595 1022 866 1087; x_wconf 82' lang='lat' dir='ltr'>profanatis</span> <span class='ocrx_word' id='word_1_112' title='bbox 911 1022 1140 1070; x_wconf 83' lang='lat' dir='ltr'>omnibus</span> <span class='ocrx_word' id='word_1_113' title='bbox 1169 1021 1217 1070; x_wconf 89' lang='lat' dir='ltr'>in</span> <span class='ocrx_word' id='word_1_114' title='bbox 1245 1022 1359 1070; x_wconf 84' lang='lat' dir='ltr'>celia</span> <span class='ocrx_word' id='word_1_115' title='bbox 1389 1022 1515 1071; x_wconf 81' lang='lat' dir='ltr'><strong>Iovis</strong></span> <span class='ocrx_word' id='word_1_116' title='bbox 1546 1022 1718 1085; x_wconf 78' lang='lat' dir='ltr'>optimi</span> <span class='ocrx_word' id='word_1_117' title='bbox 1746 1023 1940 1072; x_wconf 89' lang='lat' dir='ltr'>maximi</span> 
     </span>
     <span class='ocr_line' id='line_1_13' title="bbox 171 1092 2003 1156; baseline -0.001 -14"><span class='ocrx_word' id='word_1_118' title='bbox 171 1092 435 1150; x_wconf 80' lang='lat' dir='ltr'>habitaret,</span> <span class='ocrx_word' id='word_1_119' title='bbox 484 1093 682 1143; x_wconf 86' lang='lat' dir='ltr'><strong>Tusculi</strong></span> <span class='ocrx_word' id='word_1_120' title='bbox 729 1100 840 1142; x_wconf 88' lang='lat' dir='ltr'>ante</span> <span class='ocrx_word' id='word_1_121' title='bbox 883 1108 1027 1156; x_wconf 82' lang='lat' dir='ltr'>quam</span> <span class='ocrx_word' id='word_1_122' title='bbox 1073 1092 1257 1140; x_wconf 83' lang='lat' dir='ltr'>Romae</span> <span class='ocrx_word' id='word_1_123' title='bbox 1302 1100 1499 1156; x_wconf 79' lang='lat' dir='ltr'>sumpta</span> <span class='ocrx_word' id='word_1_124' title='bbox 1546 1100 1661 1142; x_wconf 86' lang='lat' dir='ltr'>sunt</span> <span class='ocrx_word' id='word_1_125' title='bbox 1695 1109 1855 1151; x_wconf 87' lang='lat' dir='ltr'>arma;</span> <span class='ocrx_word' id='word_1_126' title='bbox 1893 1094 1941 1143; x_wconf 90' lang='lat' dir='ltr'>in</span> <span class='ocrx_word' id='word_1_127' title='bbox 1980 1099 2003 1140; x_wconf 86' lang='lat' dir='ltr'>S</span> 
     </span>
     <span class='ocr_line' id='line_1_14' title="bbox 170 1162 1939 1222; baseline 0.001 -10"><span class='ocrx_word' id='word_1_128' title='bbox 170 1162 318 1212; x_wconf 89' lang='lat' dir='ltr'>dubio</span> <span class='ocrx_word' id='word_1_129' title='bbox 343 1163 458 1222; x_wconf 81' lang='lat' dir='ltr'>fuit,</span> <span class='ocrx_word' id='word_1_130' title='bbox 492 1170 659 1213; x_wconf 84' lang='lat' dir='ltr'>utrum</span> <span class='ocrx_word' id='word_1_131' title='bbox 697 1164 747 1212; x_wconf 89' lang='lat' dir='ltr'>L.</span> <span class='ocrx_word' id='word_1_132' title='bbox 778 1164 1032 1221; x_wconf 81' lang='lat' dir='ltr'>MamiliuS,</span> <span class='ocrx_word' id='word_1_133' title='bbox 1063 1163 1370 1211; x_wconf 86' lang='lat' dir='ltr'>Tusculanus</span> <span class='ocrx_word' id='word_1_134' title='bbox 1401 1164 1524 1220; x_wconf 87' lang='lat' dir='ltr'>dux,</span> <span class='ocrx_word' id='word_1_135' title='bbox 1553 1180 1611 1212; x_wconf 93' lang='lat' dir='ltr'>an</span> <span class='ocrx_word' id='word_1_136' title='bbox 1641 1164 1693 1213; x_wconf 90' lang='lat' dir='ltr'>P.</span> <span class='ocrx_word' id='word_1_137' title='bbox 1725 1164 1939 1214; x_wconf 75' lang='lat' dir='ltr'>Valerius</span> 
     </span>
     <span class='ocr_line' id='line_1_15' title="bbox 170 1232 1942 1298; baseline 0.001 -16"><span class='ocrx_word' id='word_1_138' title='bbox 170 1239 218 1283; x_wconf 86' lang='lat' dir='ltr'>et</span> <span class='ocrx_word' id='word_1_139' title='bbox 241 1232 295 1283; x_wconf 89' lang='lat' dir='ltr'><strong>C.</strong></span> <span class='ocrx_word' id='word_1_140' title='bbox 323 1233 550 1283; x_wconf 85' lang='lat' dir='ltr'>Claudius</span> <span class='ocrx_word' id='word_1_141' title='bbox 580 1234 805 1283; x_wconf 85' lang='lat' dir='ltr'>consules</span> <span class='ocrx_word' id='word_1_142' title='bbox 834 1234 1106 1282; x_wconf 79' lang='lat' dir='ltr'>Romanam</span> <span class='ocrx_word' id='word_1_143' title='bbox 1136 1248 1295 1281; x_wconf 85' lang='lat' dir='ltr'>arcem</span> <span class='ocrx_word' id='word_1_144' title='bbox 1323 1233 1603 1291; x_wconf 80' lang='lat' dir='ltr'>liberarent3</span> <span class='ocrx_word' id='word_1_145' title='bbox 1643 1241 1688 1282; x_wconf 88' lang='lat' dir='ltr'>et</span> <span class='ocrx_word' id='word_1_146' title='bbox 1714 1235 1795 1298; x_wconf 89' lang='lat' dir='ltr'>qui</span> <span class='ocrx_word' id='word_1_147' title='bbox 1832 1244 1942 1284; x_wconf 85' lang='lat' dir='ltr'>ante</span> 
     </span>
     <span class='ocr_line' id='line_1_16' title="bbox 165 1303 1942 1369; baseline 0.002 -17"><span class='ocrx_word' id='word_1_148' title='bbox 165 1303 364 1353; x_wconf 84' lang='lat' dir='ltr'>Latinos</span> <span class='ocrx_word' id='word_1_149' title='bbox 392 1318 453 1353; x_wconf 90' lang='lat' dir='ltr'>ne</span> <span class='ocrx_word' id='word_1_150' title='bbox 481 1320 570 1369; x_wconf 86' lang='lat' dir='ltr'>pro</span> <span class='ocrx_word' id='word_1_151' title='bbox 600 1320 652 1353; x_wconf 92' lang='lat' dir='ltr'>se</span> <span class='ocrx_word' id='word_1_152' title='bbox 680 1304 872 1368; x_wconf 84' lang='lat' dir='ltr'>quidem</span> <span class='ocrx_word' id='word_1_153' title='bbox 901 1304 1038 1367; x_wconf 78' lang='lat' dir='ltr'>ipsiS,</span> <span class='ocrx_word' id='word_1_154' title='bbox 1068 1318 1178 1352; x_wconf 90' lang='lat' dir='ltr'>cum</span> <span class='ocrx_word' id='word_1_155' title='bbox 1206 1303 1253 1351; x_wconf 91' lang='lat' dir='ltr'>in</span> <span class='ocrx_word' id='word_1_156' title='bbox 1282 1304 1459 1354; x_wconf 69' lang='lat' dir='ltr'>linibus</span> <span class='ocrx_word' id='word_1_157' title='bbox 1477 1305 1669 1353; x_wconf 82' lang='lat' dir='ltr'>hostem</span> <span class='ocrx_word' id='word_1_158' title='bbox 1693 1304 1942 1363; x_wconf 88' lang='lat' dir='ltr'>haberent,</span> 
     </span>
     <span class='ocr_line' id='line_1_17' title="bbox 172 1374 1943 1439; baseline 0.002 -16"><span class='ocrx_word' id='word_1_159' title='bbox 172 1374 406 1438; x_wconf 84' lang='lat' dir='ltr'>attingere</span> <span class='ocrx_word' id='word_1_160' title='bbox 439 1391 574 1424; x_wconf 83' lang='lat' dir='ltr'>arma</span> <span class='ocrx_word' id='word_1_161' title='bbox 611 1375 741 1439; x_wconf 87' lang='lat' dir='ltr'>passi</span> <span class='ocrx_word' id='word_1_162' title='bbox 770 1390 968 1433; x_wconf 81' lang='lat' dir='ltr'>sumuS,</span> <span class='ocrx_word' id='word_1_163' title='bbox 1004 1389 1159 1432; x_wconf 89' lang='lat' dir='ltr'>nunc,</span> <span class='ocrx_word' id='word_1_164' title='bbox 1186 1374 1278 1423; x_wconf 88' lang='lat' dir='ltr'>nisi</span> <span class='ocrx_word' id='word_1_165' title='bbox 1307 1375 1461 1424; x_wconf 85' lang='lat' dir='ltr'>Latini</span> <span class='ocrx_word' id='word_1_166' title='bbox 1489 1391 1575 1424; x_wconf 90' lang='lat' dir='ltr'>sua</span> <span class='ocrx_word' id='word_1_167' title='bbox 1604 1382 1781 1439; x_wconf 84' lang='lat' dir='ltr'>sponte</span> <span class='ocrx_word' id='word_1_168' title='bbox 1809 1392 1943 1426; x_wconf 81' lang='lat' dir='ltr'>arma</span> 
     </span>
     <span class='ocr_line' id='line_1_18' title="bbox 167 1445 2004 1511; baseline -0.001 -17"><span class='ocrx_word' id='word_1_169' title='bbox 167 1445 514 1510; x_wconf 87' lang='lat' dir='ltr'><strong>sumpsissent,</strong></span> <span class='ocrx_word' id='word_1_170' title='bbox 542 1447 666 1511; x_wconf 85' lang='lat' dir='ltr'>capti</span> <span class='ocrx_word' id='word_1_171' title='bbox 695 1454 742 1496; x_wconf 91' lang='lat' dir='ltr'>et</span> <span class='ocrx_word' id='word_1_172' title='bbox 768 1445 908 1495; x_wconf 88' lang='lat' dir='ltr'>deleti</span> <span class='ocrx_word' id='word_1_173' title='bbox 937 1461 1146 1495; x_wconf 88' lang='lat' dir='ltr'>eramus.</span> <span class='ocrx_word' id='word_1_174' title='bbox 1198 1446 1293 1494; x_wconf 89' lang='lat' dir='ltr'>hoc</span> <span class='ocrx_word' id='word_1_175' title='bbox 1327 1453 1423 1503; x_wconf 89' lang='lat' dir='ltr'>est,</span> <span class='ocrx_word' id='word_1_176' title='bbox 1459 1446 1671 1504; x_wconf 79' lang='lat' dir='ltr'>tribuni,</span> <span class='ocrx_word' id='word_1_177' title='bbox 1712 1446 1941 1496; x_wconf 82' lang='lat' dir='ltr'>auxilium</span> <span class='ocrx_word' id='word_1_178' title='bbox 1980 1454 2004 1493; x_wconf 89' lang='lat'>9</span> 
     </span>
     <span class='ocr_line' id='line_1_19' title="bbox 167 1515 1942 1581; baseline 0.002 -17"><span class='ocrx_word' id='word_1_179' title='bbox 167 1515 292 1581; x_wconf 91' lang='lat' dir='ltr'>plebi</span> <span class='ocrx_word' id='word_1_180' title='bbox 318 1516 460 1574; x_wconf 83' lang='lat' dir='ltr'>ferre,</span> <span class='ocrx_word' id='word_1_181' title='bbox 489 1517 725 1566; x_wconf 82' lang='lat' dir='ltr'>inermem</span> <span class='ocrx_word' id='word_1_182' title='bbox 754 1532 858 1565; x_wconf 87' lang='lat' dir='ltr'>eam</span> <span class='ocrx_word' id='word_1_183' title='bbox 886 1517 1016 1565; x_wconf 86' lang='lat' dir='ltr'>hosti</span> <span class='ocrx_word' id='word_1_184' title='bbox 1043 1516 1375 1565; x_wconf 83' lang='lat' dir='ltr'>trucidandam</span> <span class='ocrx_word' id='word_1_185' title='bbox 1407 1515 1640 1566; x_wconf 77' lang='lat' dir='ltr'>obicere?</span> <span class='ocrx_word' id='word_1_186' title='bbox 1668 1518 1874 1575; x_wconf 83' lang='lat' dir='ltr'>scilicet,</span> <span class='ocrx_word' id='word_1_187' title='bbox 1903 1518 1942 1567; x_wconf 91' lang='lat' dir='ltr'>si</span> 
     </span>
     <span class='ocr_line' id='line_1_20' title="bbox 167 1586 1946 1652; baseline 0.001 -16"><span class='ocrx_word' id='word_1_188' title='bbox 167 1587 276 1652; x_wconf 90' lang='lat' dir='ltr'><strong>quis</strong></span> <span class='ocrx_word' id='word_1_189' title='bbox 304 1586 441 1636; x_wconf 90' lang='lat' dir='ltr'>vobis</span> <span class='ocrx_word' id='word_1_190' title='bbox 471 1587 773 1636; x_wconf 85' lang='lat' dir='ltr'><strong>humillimus</strong></span> <span class='ocrx_word' id='word_1_191' title='bbox 802 1588 952 1636; x_wconf 83' lang='lat' dir='ltr'>horno</span> <span class='ocrx_word' id='word_1_192' title='bbox 983 1588 1040 1635; x_wconf 85' lang='lat' dir='ltr'>de</span> <span class='ocrx_word' id='word_1_193' title='bbox 1061 1593 1214 1635; x_wconf 85' lang='lat' dir='ltr'>vestra</span> <span class='ocrx_word' id='word_1_194' title='bbox 1246 1587 1399 1651; x_wconf 80' lang='lat' dir='ltr'><strong>plebe,</strong></span> <span class='ocrx_word' id='word_1_195' title='bbox 1429 1603 1572 1652; x_wconf 85' lang='lat' dir='ltr'>quam</span> <span class='ocrx_word' id='word_1_196' title='bbox 1603 1595 1789 1652; x_wconf 83' lang='lat' dir='ltr'>partem</span> <span class='ocrx_word' id='word_1_197' title='bbox 1812 1589 1946 1638; x_wconf 88' lang='lat' dir='ltr'>velut</span> 
     </span>
    </p>
   </div>
   <div class='ocr_carea' id='block_1_3' title="bbox 165 1709 1009 1821">
    <p class='ocr_par' dir='ltr' id='par_1_3' title="bbox 165 1709 1009 1821">
     <span class='ocr_line' id='line_1_21' title="bbox 165 1709 383 1764; baseline -0.009 -13"><span class='ocrx_word' id='word_1_198' title='bbox 165 1709 327 1751; x_wconf 75' lang='lat' dir='ltr'>iihnlich</span> <span class='ocrx_word' id='word_1_199' title='bbox 356 1710 383 1764; x_wconf 62' lang='grc' dir='ltr'>ξ</span> 
     </span>
     <span class='ocr_line' id='line_1_22' title="bbox 165 1766 1009 1821; baseline 0 -14"><span class='ocrx_word' id='word_1_200' title='bbox 165 1780 200 1807; x_wconf 82' lang='lat' dir='ltr'><strong>s.</strong></span> <span class='ocrx_word' id='word_1_201' title='bbox 224 1766 271 1818; x_wconf 89' lang='lat'>2,</span> <span class='ocrx_word' id='word_1_202' title='bbox 302 1766 347 1816; x_wconf 89' lang='lat'>3,</span> <span class='ocrx_word' id='word_1_203' title='bbox 377 1766 417 1807; x_wconf 87' lang='grc'>3.</span> <span class='ocrx_word' id='word_1_204' title='bbox 438 1770 587 1821; x_wconf 82' lang='lat' dir='ltr'>—qui</span> <span class='ocrx_word' id='word_1_205' title='bbox 612 1785 639 1801; x_wconf 90' lang='lat'><strong><em>=</em></strong></span> <span class='ocrx_word' id='word_1_206' title='bbox 667 1768 1009 1820; x_wconf 78' lang='lat' dir='ltr'>siquis,6,11,</span> 
     </span>
    </p>
   </div>
   <div class='ocr_carea' id='block_1_4' title="bbox 414 1711 1944 1765">
    <p class='ocr_par' dir='ltr' id='par_1_4' title="bbox 414 1711 1944 1765">
     <span class='ocr_line' id='line_1_23' title="bbox 414 1711 1944 1765; baseline 0.002 -15"><span class='ocrx_word' id='word_1_207' title='bbox 414 1711 459 1750; x_wconf 87' lang='lat'>5:</span> <span class='ocrx_word' id='word_1_208' title='bbox 489 1711 655 1752; x_wconf 77' lang='lat' dir='ltr'>decora.</span> <span class='ocrx_word' id='word_1_209' title='bbox 687 1733 744 1740; x_wconf 91' lang='lat'>—-</span> <span class='ocrx_word' id='word_1_210' title='bbox 772 1715 893 1765; x_wconf 78' lang='lat' dir='ltr'>regia</span> <span class='ocrx_word' id='word_1_211' title='bbox 927 1712 1009 1761; x_wconf 58' lang='lat' dir='ltr'>lic„</span> <span class='ocrx_word' id='word_1_212' title='bbox 1102 1725 1134 1751; x_wconf 90' lang='lat' dir='ltr'><strong>s.</strong></span> <span class='ocrx_word' id='word_1_213' title='bbox 1167 1726 1201 1750; x_wconf 84' lang='lat' dir='ltr'><strong>c.</strong></span> <span class='ocrx_word' id='word_1_214' title='bbox 1235 1713 1278 1763; x_wconf 87' lang='grc'>4,</span> <span class='ocrx_word' id='word_1_215' title='bbox 1317 1713 1384 1759; x_wconf 83' lang='grc' dir='ltr'><strong>1ος</strong></span> <span class='ocrx_word' id='word_1_216' title='bbox 1424 1713 1497 1760; x_wconf 86' lang='grc'>11;</span> <span class='ocrx_word' id='word_1_217' title='bbox 1525 1714 1677 1753; x_wconf 86' lang='lat' dir='ltr'>anders</span> <span class='ocrx_word' id='word_1_218' title='bbox 1707 1726 1848 1754; x_wconf 82' lang='lat' dir='ltr'>waren</span> <span class='ocrx_word' id='word_1_219' title='bbox 1879 1715 1944 1753; x_wconf 91' lang='lat' dir='ltr'>die</span> 
     </span>
    </p>
   </div>
   <div class='ocr_carea' id='block_1_5' title="bbox 1100 1769 1945 1820">
    <p class='ocr_par' dir='ltr' id='par_1_5' title="bbox 1100 1769 1945 1820">
     <span class='ocr_line' id='line_1_24' title="bbox 1100 1769 1945 1820; baseline 0.002 -12"><span class='ocrx_word' id='word_1_220' title='bbox 1100 1769 1434 1820; x_wconf 79' lang='lat' dir='ltr'>Bestimmungen</span> <span class='ocrx_word' id='word_1_221' title='bbox 1458 1770 1533 1809; x_wconf 82' lang='lat' dir='ltr'>der</span> <span class='ocrx_word' id='word_1_222' title='bbox 1557 1770 1784 1810; x_wconf 82' lang='lat' dir='ltr'>Biindnisse</span> <span class='ocrx_word' id='word_1_223' title='bbox 1807 1771 1846 1820; x_wconf 91' lang='lat'>2,</span> <span class='ocrx_word' id='word_1_224' title='bbox 1868 1770 1945 1811; x_wconf 88' lang='lat'>33:</span> 
     </span>
    </p>
   </div>
   <div class='ocr_carea' id='block_1_6' title="bbox 163 1823 1012 3294">
    <p class='ocr_par' dir='ltr' id='par_1_6' title="bbox 163 1823 1012 2552">
     <span class='ocr_line' id='line_1_25' title="bbox 164 1823 1009 1876; baseline 0.002 -14"><span class='ocrx_word' id='word_1_225' title='bbox 164 1825 213 1872; x_wconf 77' lang='lat'>43</span> <span class='ocrx_word' id='word_1_226' title='bbox 237 1824 321 1875; x_wconf 84' lang='lat' dir='ltr'><strong>vgl.</strong></span> <span class='ocrx_word' id='word_1_227' title='bbox 344 1823 410 1876; x_wconf 90' lang='lat'>30,</span> <span class='ocrx_word' id='word_1_228' title='bbox 432 1823 566 1874; x_wconf 54' lang='lat'>2203:</span> <span class='ocrx_word' id='word_1_229' title='bbox 590 1827 630 1864; x_wconf 80' lang='lat' dir='ltr'>si</span> <span class='ocrx_word' id='word_1_230' title='bbox 648 1827 738 1876; x_wconf 79' lang='lat' dir='ltr'>quis</span> <span class='ocrx_word' id='word_1_231' title='bbox 761 1837 856 1865; x_wconf 72' lang='lat' dir='ltr'>vere</span> <span class='ocrx_word' id='word_1_232' title='bbox 877 1827 1009 1864; x_wconf 74' lang='lat' dir='ltr'>aesti-</span> 
     </span>
     <span class='ocr_line' id='line_1_26' title="bbox 165 1879 1007 1932; baseline 0.001 -13"><span class='ocrx_word' id='word_1_233' title='bbox 165 1883 272 1928; x_wconf 67' lang='grc' dir='ltr'><em>τηθὶς</em></span> <span class='ocrx_word' id='word_1_234' title='bbox 297 1880 400 1920; x_wconf 80' lang='lat' dir='ltr'>iiber</span> <span class='ocrx_word' id='word_1_235' title='bbox 422 1881 497 1919; x_wconf 83' lang='lat' dir='ltr'>den</span> <span class='ocrx_word' id='word_1_236' title='bbox 518 1879 765 1932; x_wconf 84' lang='lat' dir='ltr'>Conjunctiv</span> <span class='ocrx_word' id='word_1_237' title='bbox 783 1894 815 1920; x_wconf 81' lang='lat' dir='ltr'><strong>S.</strong></span> <span class='ocrx_word' id='word_1_238' title='bbox 834 1882 872 1927; x_wconf 78' lang='lat'>7,</span> <span class='ocrx_word' id='word_1_239' title='bbox 895 1882 933 1930; x_wconf 80' lang='lat'>4,</span> <span class='ocrx_word' id='word_1_240' title='bbox 959 1880 1007 1929; x_wconf 76' lang='lat'>23</span> 
     </span>
     <span class='ocr_line' id='line_1_27' title="bbox 168 1936 1008 1985; baseline 0.001 -9"><span class='ocrx_word' id='word_1_241' title='bbox 168 1936 242 1984; x_wconf 98' lang='lat'>21,</span> <span class='ocrx_word' id='word_1_242' title='bbox 267 1936 340 1985; x_wconf 84' lang='lat'>58,</span> <span class='ocrx_word' id='word_1_243' title='bbox 365 1937 412 1982; x_wconf 77' lang='grc' dir='ltr'>ῖς</span> <span class='ocrx_word' id='word_1_244' title='bbox 437 1936 510 1978; x_wconf 82' lang='grc'><strong>25.</strong></span> <span class='ocrx_word' id='word_1_245' title='bbox 532 1937 606 1985; x_wconf 92' lang='grc'>21,</span> <span class='ocrx_word' id='word_1_246' title='bbox 630 1938 653 1976; x_wconf 82' lang='grc'>5</span> <span class='ocrx_word' id='word_1_247' title='bbox 673 1951 710 1976; x_wconf 93' lang='lat' dir='ltr'><strong>u.</strong></span> <span class='ocrx_word' id='word_1_248' title='bbox 735 1950 795 1985; x_wconf 58' lang='grc' dir='ltr'>τις</span> <span class='ocrx_word' id='word_1_249' title='bbox 821 1936 881 1977; x_wconf 87' lang='lat' dir='ltr'>oft</span> <span class='ocrx_word' id='word_1_250' title='bbox 904 1939 1008 1977; x_wconf 79' lang='lat' dir='ltr'>wird</span> 
     </span>
     <span class='ocr_line' id='line_1_28' title="bbox 167 1993 1008 2046; baseline 0.001 -14"><span class='ocrx_word' id='word_1_251' title='bbox 167 1993 243 2032; x_wconf 86' lang='lat' dir='ltr'>der</span> <span class='ocrx_word' id='word_1_252' title='bbox 263 1993 346 2032; x_wconf 79' lang='lat' dir='ltr'>dat.</span> <span class='ocrx_word' id='word_1_253' title='bbox 370 1994 515 2046; x_wconf 80' lang='lat' dir='ltr'>partic.</span> <span class='ocrx_word' id='word_1_254' title='bbox 541 2006 676 2046; x_wconf 83' lang='lat' dir='ltr'>praes.</span> <span class='ocrx_word' id='word_1_255' title='bbox 701 2007 747 2032; x_wconf 93' lang='lat' dir='ltr'>so</span> <span class='ocrx_word' id='word_1_256' title='bbox 765 1994 1008 2044; x_wconf 83' lang='lat' dir='ltr'>gebraucht‚</span> 
     </span>
     <span class='ocr_line' id='line_1_29' title="bbox 167 2048 1008 2100; baseline 0.002 -12"><span class='ocrx_word' id='word_1_257' title='bbox 167 2049 231 2100; x_wconf 81' lang='lat'>34,</span> <span class='ocrx_word' id='word_1_258' title='bbox 250 2048 318 2099; x_wconf 87' lang='lat'>27,</span> <span class='ocrx_word' id='word_1_259' title='bbox 344 2050 358 2089; x_wconf 92' lang='lat'>1</span> <span class='ocrx_word' id='word_1_260' title='bbox 378 2064 387 2088; x_wconf 72' lang='grc' dir='ltr'>ε</span> <span class='ocrx_word' id='word_1_261' title='bbox 410 2062 506 2090; x_wconf 72' lang='lat' dir='ltr'>vere</span> <span class='ocrx_word' id='word_1_262' title='bbox 522 2073 548 2078; x_wconf 91' lang='lat'><em>-</em></span> <span class='ocrx_word' id='word_1_263' title='bbox 563 2053 833 2090; x_wconf 74' lang='lat' dir='ltr'>aestimanti:</span> <span class='ocrx_word' id='word_1_264' title='bbox 854 2050 920 2095; x_wconf 79' lang='lat'>37,</span> <span class='ocrx_word' id='word_1_265' title='bbox 940 2051 1008 2098; x_wconf 78' lang='lat'>58,</span> 
     </span>
     <span class='ocr_line' id='line_1_30' title="bbox 166 2105 1012 2158; baseline 0.001 -13"><span class='ocrx_word' id='word_1_266' title='bbox 166 2105 190 2145; x_wconf 85' lang='lat'>8</span> <span class='ocrx_word' id='word_1_267' title='bbox 211 2119 251 2145; x_wconf 87' lang='lat' dir='ltr'><strong>u.</strong></span> <span class='ocrx_word' id='word_1_268' title='bbox 273 2119 309 2145; x_wconf 78' lang='lat' dir='ltr'>a.</span> <span class='ocrx_word' id='word_1_269' title='bbox 332 2108 448 2146; x_wconf 74' lang='lat' dir='ltr'>—si</span> <span class='ocrx_word' id='word_1_270' title='bbox 465 2106 572 2146; x_wconf 74' lang='lat' dir='ltr'><em>m‘ln‘l</em></span> <span class='ocrx_word' id='word_1_271' title='bbox 599 2119 663 2157; x_wconf 90' lang='lat' dir='ltr'>a.‚</span> <span class='ocrx_word' id='word_1_272' title='bbox 694 2105 767 2158; x_wconf 87' lang='lat'>30,</span> <span class='ocrx_word' id='word_1_273' title='bbox 798 2107 872 2156; x_wconf 88' lang='grc'>35,</span> <span class='ocrx_word' id='word_1_274' title='bbox 903 2106 948 2146; x_wconf 87' lang='lat'>8:</span> <span class='ocrx_word' id='word_1_275' title='bbox 971 2109 1012 2146; x_wconf 82' lang='lat' dir='ltr'>si</span> 
     </span>
     <span class='ocr_line' id='line_1_31' title="bbox 163 2162 1009 2215; baseline 0.001 -13"><span class='ocrx_word' id='word_1_276' title='bbox 163 2162 270 2203; x_wconf 71' lang='lat' dir='ltr'>nihil</span> <span class='ocrx_word' id='word_1_277' title='bbox 286 2162 415 2210; x_wconf 83' lang='lat' dir='ltr'>aliud,</span> <span class='ocrx_word' id='word_1_278' title='bbox 437 2162 680 2203; x_wconf 76' lang='lat' dir='ltr'>vulneribus</span> <span class='ocrx_word' id='word_1_279' title='bbox 703 2164 1009 2215; x_wconf 75' lang='lat' dir='ltr'>cer-teserretm</span> 
     </span>
     <span class='ocr_line' id='line_1_32' title="bbox 164 2219 1008 2271; baseline -0.001 -12"><span class='ocrx_word' id='word_1_280' title='bbox 164 2219 314 2259; x_wconf 74' lang='lat' dir='ltr'>hostile</span> <span class='ocrx_word' id='word_1_281' title='bbox 335 2220 601 2263; x_wconf 71' lang='lat' dir='ltr'>hebetarent:</span> <span class='ocrx_word' id='word_1_282' title='bbox 626 2219 708 2269; x_wconf 77' lang='lat' dir='ltr'><strong>vgl.</strong></span> <span class='ocrx_word' id='word_1_283' title='bbox 734 2219 770 2271; x_wconf 89' lang='lat'>2,</span> <span class='ocrx_word' id='word_1_284' title='bbox 800 2221 867 2268; x_wconf 68' lang='lat'>49,</span> <span class='ocrx_word' id='word_1_285' title='bbox 891 2222 928 2259; x_wconf 70' lang='lat'><strong>9.</strong></span> <span class='ocrx_word' id='word_1_286' title='bbox 952 2243 1008 2249; x_wconf 90' lang='lat'><strong>—</strong></span> 
     </span>
     <span class='ocr_line' id='line_1_33' title="bbox 165 2276 1008 2329; baseline 0.001 -13"><span class='ocrx_word' id='word_1_287' title='bbox 165 2276 330 2316; x_wconf 76' lang='lat' dir='ltr'>hostem</span> <span class='ocrx_word' id='word_1_288' title='bbox 351 2295 377 2309; x_wconf 88' lang='lat'><strong><em>=</em></strong></span> <span class='ocrx_word' id='word_1_289' title='bbox 395 2279 534 2316; x_wconf 78' lang='lat' dir='ltr'>tamen</span> <span class='ocrx_word' id='word_1_290' title='bbox 554 2290 600 2317; x_wconf 89' lang='lat' dir='ltr'>eo</span> <span class='ocrx_word' id='word_1_291' title='bbox 618 2276 730 2329; x_wconf 82' lang='lat' dir='ltr'>quod</span> <span class='ocrx_word' id='word_1_292' title='bbox 743 2277 909 2316; x_wconf 73' lang='lat' dir='ltr'>hostem</span> <span class='ocrx_word' id='word_1_293' title='bbox 929 2283 1008 2317; x_wconf 86' lang='lat' dir='ltr'><strong>etc.</strong></span> 
     </span>
     <span class='ocr_line' id='line_1_34' title="bbox 165 2332 1007 2385; baseline -0.001 -12"><span class='ocrx_word' id='word_1_294' title='bbox 165 2355 222 2362; x_wconf 93' lang='lat'><strong>—</strong></span> <span class='ocrx_word' id='word_1_295' title='bbox 240 2334 377 2373; x_wconf 74' lang='lat' dir='ltr'>servis</span> <span class='ocrx_word' id='word_1_296' title='bbox 400 2346 450 2382; x_wconf 83' lang='grc' dir='ltr'><strong>ῑ·.,</strong></span> <span class='ocrx_word' id='word_1_297' title='bbox 472 2332 649 2373; x_wconf 78' lang='lat' dir='ltr'>Rb’mern</span> <span class='ocrx_word' id='word_1_298' title='bbox 668 2332 920 2385; x_wconf 78' lang='lat' dir='ltr'>entlaufene,</span> <span class='ocrx_word' id='word_1_299' title='bbox 942 2334 1007 2372; x_wconf 91' lang='lat' dir='ltr'>die</span> 
     </span>
     <span class='ocr_line' id='line_1_35' title="bbox 165 2389 1009 2440; baseline 0 -11"><span class='ocrx_word' id='word_1_300' title='bbox 165 2389 250 2429; x_wconf 81' lang='lat' dir='ltr'>sich</span> <span class='ocrx_word' id='word_1_301' title='bbox 273 2402 324 2429; x_wconf 81' lang='lat' dir='ltr'>an</span> <span class='ocrx_word' id='word_1_302' title='bbox 344 2389 576 2430; x_wconf 81' lang='lat' dir='ltr'>Herdonius</span> <span class='ocrx_word' id='word_1_303' title='bbox 593 2390 917 2440; x_wconf 84' lang='lat' dir='ltr'>angeschlossen</span> <span class='ocrx_word' id='word_1_304' title='bbox 939 2391 1009 2429; x_wconf 89' lang='lat' dir='ltr'>ha-</span> 
     </span>
     <span class='ocr_line' id='line_1_36' title="bbox 165 2445 1008 2496; baseline 0.001 -11"><span class='ocrx_word' id='word_1_305' title='bbox 165 2445 266 2496; x_wconf 88' lang='lat' dir='ltr'>ben,</span> <span class='ocrx_word' id='word_1_306' title='bbox 303 2447 405 2486; x_wconf 87' lang='lat' dir='ltr'>oder</span> <span class='ocrx_word' id='word_1_307' title='bbox 434 2447 500 2486; x_wconf 88' lang='lat' dir='ltr'>die</span> <span class='ocrx_word' id='word_1_308' title='bbox 531 2460 582 2486; x_wconf 93' lang='lat' dir='ltr'>zu</span> <span class='ocrx_word' id='word_1_309' title='bbox 617 2446 740 2494; x_wconf 84' lang='lat' dir='ltr'>Rom,</span> <span class='ocrx_word' id='word_1_310' title='bbox 778 2447 934 2487; x_wconf 81' lang='lat' dir='ltr'>welche</span> <span class='ocrx_word' id='word_1_311' title='bbox 961 2460 1008 2486; x_wconf 87' lang='lat' dir='ltr'>er</span> 
     </span>
     <span class='ocr_line' id='line_1_37' title="bbox 163 2500 826 2552; baseline 0.002 -10"><span class='ocrx_word' id='word_1_312' title='bbox 163 2500 377 2542; x_wconf 81' lang='lat' dir='ltr'>aufreizen</span> <span class='ocrx_word' id='word_1_313' title='bbox 401 2503 559 2551; x_wconf 81' lang='lat' dir='ltr'>woiite,</span> <span class='ocrx_word' id='word_1_314' title='bbox 583 2516 617 2543; x_wconf 87' lang='lat' dir='ltr'><strong>s.</strong></span> <span class='ocrx_word' id='word_1_315' title='bbox 637 2516 670 2542; x_wconf 85' lang='lat' dir='ltr'><strong>c.</strong></span> <span class='ocrx_word' id='word_1_316' title='bbox 700 2503 762 2552; x_wconf 84' lang='lat'>15,</span> <span class='ocrx_word' id='word_1_317' title='bbox 787 2504 826 2543; x_wconf 84' lang='lat'><strong>9.</strong></span> 
     </span>
    </p>

    <p class='ocr_par' dir='ltr' id='par_1_7' title="bbox 163 2559 1009 3167">
     <span class='ocr_line' id='line_1_38' title="bbox 223 2559 1009 2610; baseline 0.004 -13"><span class='ocrx_word' id='word_1_318' title='bbox 223 2559 262 2598; x_wconf 82' lang='lat'><strong>7.</strong></span> <span class='ocrx_word' id='word_1_319' title='bbox 309 2560 385 2599; x_wconf 75' lang='lat' dir='ltr'>Itos</span> <span class='ocrx_word' id='word_1_320' title='bbox 425 2560 579 2610; x_wconf 73' lang='lat' dir='ltr'>hostis,</span> <span class='ocrx_word' id='word_1_321' title='bbox 624 2561 812 2599; x_wconf 74' lang='lat' dir='ltr'>‘abnliche</span> <span class='ocrx_word' id='word_1_322' title='bbox 856 2559 1009 2600; x_wconf 57' lang='lat' dir='ltr'>[sebel-</span> 
     </span>
     <span class='ocr_line' id='line_1_39' title="bbox 167 2614 1007 2665; baseline 0.002 -11"><span class='ocrx_word' id='word_1_323' title='bbox 167 2614 317 2665; x_wconf 71' lang='lat' dir='ltr'>kliinge</span> <span class='ocrx_word' id='word_1_324' title='bbox 348 2617 418 2655; x_wconf 85' lang='lat' dir='ltr'>hat</span> <span class='ocrx_word' id='word_1_325' title='bbox 448 2615 493 2655; x_wconf 82' lang='lat' dir='ltr'><strong>L.</strong></span> <span class='ocrx_word' id='word_1_326' title='bbox 521 2617 624 2655; x_wconf 81' lang='lat' dir='ltr'>auch</span> <span class='ocrx_word' id='word_1_327' title='bbox 658 2622 777 2656; x_wconf 85' lang='lat' dir='ltr'>sonst</span> <span class='ocrx_word' id='word_1_328' title='bbox 799 2617 911 2656; x_wconf 82' lang='lat' dir='ltr'>nicht</span> <span class='ocrx_word' id='word_1_329' title='bbox 933 2617 1007 2656; x_wconf 87' lang='lat' dir='ltr'>im-</span> 
     </span>
     <span class='ocr_line' id='line_1_40' title="bbox 166 2672 1008 2722; baseline 0.004 -12"><span class='ocrx_word' id='word_1_330' title='bbox 166 2683 256 2711; x_wconf 71' lang='lat' dir='ltr'>met·</span> <span class='ocrx_word' id='word_1_331' title='bbox 278 2673 534 2721; x_wconf 85' lang='lat' dir='ltr'>vermieden,</span> <span class='ocrx_word' id='word_1_332' title='bbox 569 2672 613 2721; x_wconf 91' lang='lat'>2,</span> <span class='ocrx_word' id='word_1_333' title='bbox 649 2673 718 2722; x_wconf 79' lang='lat'>17,</span> <span class='ocrx_word' id='word_1_334' title='bbox 749 2674 794 2712; x_wconf 84' lang='lat'>4:</span> <span class='ocrx_word' id='word_1_335' title='bbox 826 2687 872 2713; x_wconf 87' lang='lat' dir='ltr'>re</span> <span class='ocrx_word' id='word_1_336' title='bbox 897 2673 1008 2714; x_wconf 77' lang='lat' dir='ltr'>redi-</span> 
     </span>
     <span class='ocr_line' id='line_1_41' title="bbox 169 2727 1007 2781; baseline 0.004 -14"><span class='ocrx_word' id='word_1_337' title='bbox 169 2731 281 2775; x_wconf 69' lang='lat' dir='ltr'>tum-⁶,</span> <span class='ocrx_word' id='word_1_338' title='bbox 304 2728 344 2780; x_wconf 84' lang='lat'>4,</span> <span class='ocrx_word' id='word_1_339' title='bbox 367 2727 405 2776; x_wconf 87' lang='lat'>7,</span> <span class='ocrx_word' id='word_1_340' title='bbox 428 2728 472 2767; x_wconf 89' lang='lat'>3:</span> <span class='ocrx_word' id='word_1_341' title='bbox 495 2730 782 2781; x_wconf 74' lang='lat' dir='ltr'>magistratus</span> <span class='ocrx_word' id='word_1_342' title='bbox 805 2732 895 2770; x_wconf 82' lang='lat' dir='ltr'>eius</span> <span class='ocrx_word' id='word_1_343' title='bbox 916 2732 1007 2779; x_wconf 74' lang='lat' dir='ltr'>iit-53</span> 
     </span>
     <span class='ocr_line' id='line_1_42' title="bbox 166 2784 1009 2839; baseline 0.001 -15"><span class='ocrx_word' id='word_1_344' title='bbox 166 2784 242 2835; x_wconf 88' lang='grc'><strong>23,</strong></span> <span class='ocrx_word' id='word_1_345' title='bbox 266 2786 313 2835; x_wconf 83' lang='grc'>9,</span> <span class='ocrx_word' id='word_1_346' title='bbox 340 2785 380 2824; x_wconf 84' lang='lat'>1:</span> <span class='ocrx_word' id='word_1_347' title='bbox 411 2784 576 2825; x_wconf 75' lang='lat' dir='ltr'>audivit</span> <span class='ocrx_word' id='word_1_348' title='bbox 603 2786 785 2839; x_wconf 76' lang='lat' dir='ltr'>viditque</span> <span class='ocrx_word' id='word_1_349' title='bbox 815 2799 856 2825; x_wconf 92' lang='lat' dir='ltr'><strong>u.</strong></span> <span class='ocrx_word' id='word_1_350' title='bbox 883 2799 922 2825; x_wconf 78' lang='lat' dir='ltr'>a.</span> <span class='ocrx_word' id='word_1_351' title='bbox 953 2809 1009 2816; x_wconf 94' lang='lat'>—</span> 
     </span>
     <span class='ocr_line' id='line_1_43' title="bbox 163 2840 1006 2896; baseline 0.001 -15"><span class='ocrx_word' id='word_1_352' title='bbox 163 2840 297 2896; x_wconf 78' lang='lat' dir='ltr'>pudet</span> <span class='ocrx_word' id='word_1_353' title='bbox 324 2840 362 2881; x_wconf 83' lang='lat' dir='ltr'>d.</span> <span class='ocrx_word' id='word_1_354' title='bbox 385 2842 446 2893; x_wconf 82' lang='grc' dir='ltr'><strong>Ιι.,</strong></span> <span class='ocrx_word' id='word_1_355' title='bbox 485 2841 636 2882; x_wconf 79' lang='lat' dir='ltr'>Go’tter</span> <span class='ocrx_word' id='word_1_356' title='bbox 672 2843 751 2882; x_wconf 89' lang='lat' dir='ltr'>und</span> <span class='ocrx_word' id='word_1_357' title='bbox 782 2841 1006 2882; x_wconf 77' lang='lat' dir='ltr'>menschen</span> 
     </span>
     <span class='ocr_line' id='line_1_44' title="bbox 167 2897 1006 2950; baseline 0.001 -13"><span class='ocrx_word' id='word_1_358' title='bbox 167 2898 259 2948; x_wconf 80' lang='lat' dir='ltr'>(der</span> <span class='ocrx_word' id='word_1_359' title='bbox 281 2897 479 2938; x_wconf 82' lang='lat' dir='ltr'>Gedunke</span> <span class='ocrx_word' id='word_1_360' title='bbox 505 2911 554 2938; x_wconf 82' lang='lat' dir='ltr'>an</span> <span class='ocrx_word' id='word_1_361' title='bbox 581 2898 630 2940; x_wconf 88' lang='lat' dir='ltr'>G.</span> <span class='ocrx_word' id='word_1_362' title='bbox 656 2912 696 2938; x_wconf 91' lang='lat' dir='ltr'><strong>u.</strong></span> <span class='ocrx_word' id='word_1_363' title='bbox 725 2898 799 2948; x_wconf 88' lang='grc' dir='ltr'>Μ.)</span> <span class='ocrx_word' id='word_1_364' title='bbox 829 2912 1006 2950; x_wconf 82' lang='lat' dir='ltr'>erregen</span> 
     </span>
     <span class='ocr_line' id='line_1_45' title="bbox 165 2954 1004 3005; baseline 0.001 -11"><span class='ocrx_word' id='word_1_365' title='bbox 165 2954 245 2994; x_wconf 86' lang='lat' dir='ltr'>mir</span> <span class='ocrx_word' id='word_1_366' title='bbox 266 2955 426 3005; x_wconf 81' lang='lat' dir='ltr'>Scham,</span> <span class='ocrx_word' id='word_1_367' title='bbox 450 2955 512 2995; x_wconf 87' lang='lat' dir='ltr'>ich</span> <span class='ocrx_word' id='word_1_368' title='bbox 536 2955 701 2995; x_wconf 83' lang='lat' dir='ltr'>schiime</span> <span class='ocrx_word' id='word_1_369' title='bbox 725 2956 826 2995; x_wconf 79' lang='lat' dir='ltr'>inich</span> <span class='ocrx_word' id='word_1_370' title='bbox 851 2968 1004 2995; x_wconf 74' lang='lat' dir='ltr'>vor.-</span> 
     </span>
     <span class='ocr_line' id='line_1_46' title="bbox 165 3010 1009 3063; baseline 0 -12"><span class='ocrx_word' id='word_1_371' title='bbox 165 3010 280 3062; x_wconf 76' lang='lat' dir='ltr'>cello,</span> <span class='ocrx_word' id='word_1_372' title='bbox 304 3011 379 3051; x_wconf 83' lang='lat' dir='ltr'>der</span> <span class='ocrx_word' id='word_1_373' title='bbox 402 3012 638 3063; x_wconf 77' lang='lat' dir='ltr'>viereckige</span> <span class='ocrx_word' id='word_1_374' title='bbox 662 3011 788 3051; x_wconf 80' lang='lat' dir='ltr'>Raum</span> <span class='ocrx_word' id='word_1_375' title='bbox 812 3012 863 3051; x_wconf 90' lang='lat' dir='ltr'>im</span> <span class='ocrx_word' id='word_1_376' title='bbox 886 3010 1009 3052; x_wconf 85' lang='lat' dir='ltr'>lnne-</span> 
     </span>
     <span class='ocr_line' id='line_1_47' title="bbox 166 3067 1007 3122; baseline 0.002 -15"><span class='ocrx_word' id='word_1_377' title='bbox 166 3079 241 3108; x_wconf 83' lang='lat' dir='ltr'>ren</span> <span class='ocrx_word' id='word_1_378' title='bbox 277 3068 350 3108; x_wconf 82' lang='lat' dir='ltr'>des</span> <span class='ocrx_word' id='word_1_379' title='bbox 384 3067 600 3122; x_wconf 83' lang='lat' dir='ltr'>Tempeis,</span> <span class='ocrx_word' id='word_1_380' title='bbox 638 3070 675 3108; x_wconf 92' lang='lat' dir='ltr'>iu</span> <span class='ocrx_word' id='word_1_381' title='bbox 714 3069 910 3108; x_wconf 77' lang='lat' dir='ltr'>welchem</span> <span class='ocrx_word' id='word_1_382' title='bbox 941 3069 1007 3109; x_wconf 89' lang='lat' dir='ltr'>die</span> 
     </span>
     <span class='ocr_line' id='line_1_48' title="bbox 167 3122 730 3167; baseline 0.005 -4"><span class='ocrx_word' id='word_1_383' title='bbox 167 3122 314 3164; x_wconf 78' lang='lat' dir='ltr'>Statue</span> <span class='ocrx_word' id='word_1_384' title='bbox 336 3125 409 3165; x_wconf 87' lang='lat' dir='ltr'>des</span> <span class='ocrx_word' id='word_1_385' title='bbox 433 3124 582 3165; x_wconf 81' lang='lat' dir='ltr'>Gottes</span> <span class='ocrx_word' id='word_1_386' title='bbox 605 3126 730 3167; x_wconf 76' lang='lat' dir='ltr'><strong>steht.</strong></span> 
     </span>
    </p>

    <p class='ocr_par' dir='ltr' id='par_1_8' title="bbox 168 3180 1010 3294">
     <span class='ocr_line' id='line_1_49' title="bbox 224 3180 1009 3235; baseline 0.004 -16"><span class='ocrx_word' id='word_1_387' title='bbox 224 3180 262 3220; x_wconf 89' lang='grc'>8.</span> <span class='ocrx_word' id='word_1_388' title='bbox 294 3194 424 3234; x_wconf 83' lang='lat' dir='ltr'>nunc,</span> <span class='ocrx_word' id='word_1_389' title='bbox 454 3195 489 3223; x_wconf 86' lang='lat' dir='ltr'><strong>s.</strong></span> <span class='ocrx_word' id='word_1_390' title='bbox 512 3195 546 3222; x_wconf 88' lang='lat' dir='ltr'><strong>c.</strong></span> <span class='ocrx_word' id='word_1_391' title='bbox 569 3182 641 3235; x_wconf 85' lang='grc'>40,</span> <span class='ocrx_word' id='word_1_392' title='bbox 677 3183 744 3233; x_wconf 86' lang='grc'>10,</span> <span class='ocrx_word' id='word_1_393' title='bbox 776 3183 887 3222; x_wconf 81' lang='lat' dir='ltr'>steht</span> <span class='ocrx_word' id='word_1_394' title='bbox 919 3183 1009 3222; x_wconf 87' lang='lat' dir='ltr'>hier</span> 
     </span>
     <span class='ocr_line' id='line_1_50' title="bbox 168 3239 1010 3294; baseline 0.004 -18"><span class='ocrx_word' id='word_1_395' title='bbox 168 3239 267 3276; x_wconf 72' lang='lat' dir='ltr'>ante</span> <span class='ocrx_word' id='word_1_396' title='bbox 301 3243 520 3290; x_wconf 78' lang='lat' dir='ltr'>entgegen.</span> <span class='ocrx_word' id='word_1_397' title='bbox 556 3261 612 3269; x_wconf 83' lang='lat'>—</span> <span class='ocrx_word' id='word_1_398' title='bbox 641 3253 693 3279; x_wconf 76' lang='lat' dir='ltr'>ne</span> <span class='ocrx_word' id='word_1_399' title='bbox 725 3251 804 3294; x_wconf 83' lang='lat' dir='ltr'>pro</span> <span class='ocrx_word' id='word_1_400' title='bbox 841 3253 886 3279; x_wconf 84' lang='lat' dir='ltr'>se</span> <span class='ocrx_word' id='word_1_401' title='bbox 915 3245 1010 3289; x_wconf 66' lang='lat' dir='ltr'>ete„</span> 
     </span>
    </p>
   </div>
   <div class='ocr_carea' id='block_1_7' title="bbox 1096 1825 1947 3293">
    <p class='ocr_par' dir='ltr' id='par_1_9' title="bbox 1101 1825 1946 1992">
     <span class='ocr_line' id='line_1_51' title="bbox 1101 1825 1944 1878; baseline 0.004 -14"><span class='ocrx_word' id='word_1_402' title='bbox 1101 1825 1170 1865; x_wconf 82' lang='lat'><strong>42.</strong></span> <span class='ocrx_word' id='word_1_403' title='bbox 1207 1849 1261 1853; x_wconf 97' lang='lat'><strong>—</strong></span> <span class='ocrx_word' id='word_1_404' title='bbox 1295 1829 1381 1865; x_wconf 80' lang='lat' dir='ltr'>uisi</span> <span class='ocrx_word' id='word_1_405' title='bbox 1415 1850 1438 1854; x_wconf 97' lang='lat'>—</span> <span class='ocrx_word' id='word_1_406' title='bbox 1476 1840 1670 1873; x_wconf 78' lang='lat' dir='ltr'>eramus,</span> <span class='ocrx_word' id='word_1_407' title='bbox 1710 1827 1944 1878; x_wconf 85' lang='lat' dir='ltr'>abgesehen</span> 
     </span>
     <span class='ocr_line' id='line_1_52' title="bbox 1101 1883 1946 1935; baseline 0.002 -14"><span class='ocrx_word' id='word_1_408' title='bbox 1101 1883 1257 1931; x_wconf 83' lang='lat' dir='ltr'>davon,</span> <span class='ocrx_word' id='word_1_409' title='bbox 1290 1895 1409 1922; x_wconf 81' lang='lat' dir='ltr'>wenn</span> <span class='ocrx_word' id='word_1_410' title='bbox 1441 1883 1513 1921; x_wconf 88' lang='lat' dir='ltr'>das</span> <span class='ocrx_word' id='word_1_411' title='bbox 1546 1885 1656 1923; x_wconf 87' lang='lat' dir='ltr'>nicht</span> <span class='ocrx_word' id='word_1_412' title='bbox 1682 1884 1946 1935; x_wconf 76' lang='lat' dir='ltr'>eingetreten</span> 
     </span>
     <span class='ocr_line' id='line_1_53' title="bbox 1102 1939 1945 1992; baseline 0.005 -15"><span class='ocrx_word' id='word_1_413' title='bbox 1102 1939 1238 1986; x_wconf 75' lang='lat' dir='ltr'>wiire,</span> <span class='ocrx_word' id='word_1_414' title='bbox 1276 1951 1322 1977; x_wconf 84' lang='lat' dir='ltr'>so</span> <span class='ocrx_word' id='word_1_415' title='bbox 1359 1952 1500 1978; x_wconf 80' lang='lat' dir='ltr'>waren</span> <span class='ocrx_word' id='word_1_416' title='bbox 1539 1941 1617 1979; x_wconf 83' lang='lat' dir='ltr'>wir</span> <span class='ocrx_word' id='word_1_417' title='bbox 1653 1954 1691 1980; x_wconf 90' lang='lat' dir='ltr'><strong>u.</strong></span> <span class='ocrx_word' id='word_1_418' title='bbox 1724 1954 1758 1981; x_wconf 92' lang='lat' dir='ltr'><strong>s.</strong></span> <span class='ocrx_word' id='word_1_419' title='bbox 1790 1953 1864 1992; x_wconf 89' lang='lat' dir='ltr'>w.,</span> <span class='ocrx_word' id='word_1_420' title='bbox 1896 1941 1945 1981; x_wconf 89' lang='lat' dir='ltr'><strong>Z.</strong></span> 
     </span>
    </p>

    <p class='ocr_par' dir='ltr' id='par_1_10' title="bbox 1096 2051 1947 3293">
     <span class='ocr_line' id='line_1_54' title="bbox 1157 2051 1944 2103; baseline 0.004 -13"><span class='ocrx_word' id='word_1_421' title='bbox 1157 2051 1196 2091; x_wconf 88' lang='lat'>9.</span> <span class='ocrx_word' id='word_1_422' title='bbox 1228 2053 1304 2090; x_wconf 82' lang='lat' dir='ltr'>leoc</span> <span class='ocrx_word' id='word_1_423' title='bbox 1334 2052 1388 2091; x_wconf 86' lang='lat' dir='ltr'>ist</span> <span class='ocrx_word' id='word_1_424' title='bbox 1411 2051 1585 2103; x_wconf 79' lang='lat' dir='ltr'>Subject</span> <span class='ocrx_word' id='word_1_425' title='bbox 1615 2054 1695 2093; x_wconf 88' lang='lat' dir='ltr'>und</span> <span class='ocrx_word' id='word_1_426' title='bbox 1719 2054 1846 2093; x_wconf 83' lang='lat' dir='ltr'>durch</span> <span class='ocrx_word' id='word_1_427' title='bbox 1872 2055 1944 2093; x_wconf 84' lang='lat' dir='ltr'>das</span> 
     </span>
     <span class='ocr_line' id='line_1_55' title="bbox 1101 2108 1947 2158; baseline 0.004 -12"><span class='ocrx_word' id='word_1_428' title='bbox 1101 2108 1405 2158; x_wconf 83' lang='lat' dir='ltr'>nachgestellte</span> <span class='ocrx_word' id='word_1_429' title='bbox 1427 2111 1631 2149; x_wconf 73' lang='lat' dir='ltr'>inermem</span> <span class='ocrx_word' id='word_1_430' title='bbox 1648 2134 1674 2138; x_wconf 97' lang='lat'>—</span> <span class='ocrx_word' id='word_1_431' title='bbox 1693 2113 1858 2152; x_wconf 80' lang='lat' dir='ltr'>obicere</span> <span class='ocrx_word' id='word_1_432' title='bbox 1879 2124 1947 2150; x_wconf 81' lang='lat' dir='ltr'>er·-</span> 
     </span>
     <span class='ocr_line' id='line_1_56' title="bbox 1101 2164 1947 2220; baseline 0.006 -17"><span class='ocrx_word' id='word_1_433' title='bbox 1101 2164 1213 2204; x_wconf 71' lang='lat' dir='ltr'>klfirt</span> <span class='ocrx_word' id='word_1_434' title='bbox 1235 2183 1261 2197; x_wconf 87' lang='lat'>=</span> <span class='ocrx_word' id='word_1_435' title='bbox 1282 2167 1487 2205; x_wconf 80' lang='lat' dir='ltr'>inermem</span> <span class='ocrx_word' id='word_1_436' title='bbox 1508 2190 1535 2194; x_wconf 97' lang='lat'><em>-</em></span> <span class='ocrx_word' id='word_1_437' title='bbox 1559 2169 1741 2217; x_wconf 79' lang='lat' dir='ltr'>obicere,</span> <span class='ocrx_word' id='word_1_438' title='bbox 1770 2167 1815 2207; x_wconf 79' lang='lat' dir='ltr'>id</span> <span class='ocrx_word' id='word_1_439' title='bbox 1835 2167 1947 2220; x_wconf 80' lang='lat' dir='ltr'>quod</span> 
     </span>
     <span class='ocr_line' id='line_1_57' title="bbox 1101 2223 1943 2277; baseline 0.002 -17"><span class='ocrx_word' id='word_1_440' title='bbox 1101 2234 1173 2261; x_wconf 75' lang='lat' dir='ltr'>ros</span> <span class='ocrx_word' id='word_1_441' title='bbox 1202 2223 1333 2273; x_wconf 70' lang='lat' dir='ltr'>agilis</span> <span class='ocrx_word' id='word_1_442' title='bbox 1361 2235 1442 2261; x_wconf 81' lang='lat' dir='ltr'>non</span> <span class='ocrx_word' id='word_1_443' title='bbox 1474 2226 1539 2262; x_wconf 77' lang='lat' dir='ltr'>est</span> <span class='ocrx_word' id='word_1_444' title='bbox 1567 2223 1777 2263; x_wconf 67' lang='lat' dir='ltr'>aua-ilium</span> <span class='ocrx_word' id='word_1_445' title='bbox 1796 2226 1943 2277; x_wconf 75' lang='lat' dir='ltr'>serre,</span> 
     </span>
     <span class='ocr_line' id='line_1_58' title="bbox 1102 2279 1944 2331; baseline 0.005 -15"><span class='ocrx_word' id='word_1_446' title='bbox 1102 2291 1134 2316; x_wconf 80' lang='lat' dir='ltr'><strong>S.</strong></span> <span class='ocrx_word' id='word_1_447' title='bbox 1160 2291 1194 2316; x_wconf 90' lang='lat' dir='ltr'><strong>c.</strong></span> <span class='ocrx_word' id='word_1_448' title='bbox 1221 2279 1294 2328; x_wconf 82' lang='lat'>21,</span> <span class='ocrx_word' id='word_1_449' title='bbox 1327 2279 1372 2317; x_wconf 75' lang='grc' dir='ltr'>ὗε</span> <span class='ocrx_word' id='word_1_450' title='bbox 1403 2279 1567 2317; x_wconf 73' lang='grc' dir='ltr'>ἒὶὴηΙίοὴ</span> <span class='ocrx_word' id='word_1_451' title='bbox 1592 2279 1674 2319; x_wconf 86' lang='lat' dir='ltr'>Cic.</span> <span class='ocrx_word' id='word_1_452' title='bbox 1701 2280 1802 2320; x_wconf 79' lang='lat' dir='ltr'><strong>Phil.</strong></span> <span class='ocrx_word' id='word_1_453' title='bbox 1826 2280 1873 2331; x_wconf 91' lang='grc'>2,</span> <span class='ocrx_word' id='word_1_454' title='bbox 1903 2282 1944 2330; x_wconf 79' lang='grc'>4,</span> 
     </span>
     <span class='ocr_line' id='line_1_59' title="bbox 1102 2334 1946 2386; baseline 0.006 -14"><span class='ocrx_word' id='word_1_455' title='bbox 1102 2334 1144 2373; x_wconf 77' lang='grc' dir='ltr'>’ἲε</span> <span class='ocrx_word' id='word_1_456' title='bbox 1168 2335 1270 2386; x_wconf 80' lang='lat' dir='ltr'><strong><em>qm‘d</em></strong></span> <span class='ocrx_word' id='word_1_457' title='bbox 1297 2338 1358 2374; x_wconf 81' lang='lat' dir='ltr'>est</span> <span class='ocrx_word' id='word_1_458' title='bbox 1379 2335 1495 2374; x_wconf 71' lang='lat' dir='ltr'>aliud</span> <span class='ocrx_word' id='word_1_459' title='bbox 1516 2335 1661 2376; x_wconf 77' lang='lat' dir='ltr'>tollere</span> <span class='ocrx_word' id='word_1_460' title='bbox 1682 2350 1703 2375; x_wconf 88' lang='lat' dir='ltr'>e</span> <span class='ocrx_word' id='word_1_461' title='bbox 1729 2339 1813 2377; x_wconf 70' lang='lat' dir='ltr'>vita</span> <span class='ocrx_word' id='word_1_462' title='bbox 1836 2339 1946 2377; x_wconf 76' lang='lat' dir='ltr'>ritae</span> 
     </span>
     <span class='ocr_line' id='line_1_60' title="bbox 1099 2392 1945 2437; baseline 0.004 -7"><span class='ocrx_word' id='word_1_463' title='bbox 1099 2393 1365 2437; x_wconf 72' lang='lat' dir='ltr'>societatem,</span> <span class='ocrx_word' id='word_1_464' title='bbox 1393 2392 1538 2432; x_wconf 79' lang='lat' dir='ltr'>tollere</span> <span class='ocrx_word' id='word_1_465' title='bbox 1558 2395 1796 2433; x_wconf 75' lang='lat' dir='ltr'>amicornm</span> <span class='ocrx_word' id='word_1_466' title='bbox 1818 2393 1945 2433; x_wconf 86' lang='lat' dir='ltr'>collo-</span> 
     </span>
     <span class='ocr_line' id='line_1_61' title="bbox 1098 2448 1943 2500; baseline 0.004 -14"><span class='ocrx_word' id='word_1_467' title='bbox 1098 2450 1196 2500; x_wconf 76' lang='lat' dir='ltr'>quia</span> <span class='ocrx_word' id='word_1_468' title='bbox 1219 2454 1299 2487; x_wconf 78' lang='lat' dir='ltr'><strong>etc.</strong></span> <span class='ocrx_word' id='word_1_469' title='bbox 1320 2471 1375 2476; x_wconf 90' lang='lat'>—</span> <span class='ocrx_word' id='word_1_470' title='bbox 1397 2450 1556 2489; x_wconf 74' lang='lat' dir='ltr'>scilicet</span> <span class='ocrx_word' id='word_1_471' title='bbox 1583 2448 1695 2488; x_wconf 77' lang='lat' dir='ltr'>ffihrt</span> <span class='ocrx_word' id='word_1_472' title='bbox 1719 2451 1791 2489; x_wconf 83' lang='lat' dir='ltr'>mit</span> <span class='ocrx_word' id='word_1_473' title='bbox 1814 2451 1943 2489; x_wconf 85' lang='lat' dir='ltr'>ironi-</span> 
     </span>
     <span class='ocr_line' id='line_1_62' title="bbox 1099 2504 1944 2556; baseline 0.002 -12"><span class='ocrx_word' id='word_1_474' title='bbox 1099 2505 1222 2544; x_wconf 77' lang='lat' dir='ltr'>seber</span> <span class='ocrx_word' id='word_1_475' title='bbox 1244 2504 1469 2556; x_wconf 81' lang='lat' dir='ltr'>wendung</span> <span class='ocrx_word' id='word_1_476' title='bbox 1491 2507 1610 2545; x_wconf 83' lang='lat' dir='ltr'>eim-n</span> <span class='ocrx_word' id='word_1_477' title='bbox 1630 2506 1802 2546; x_wconf 79' lang='lat' dir='ltr'>Schiuss</span> <span class='ocrx_word' id='word_1_478' title='bbox 1825 2520 1846 2546; x_wconf 90' lang='lat' dir='ltr'>a</span> <span class='ocrx_word' id='word_1_479' title='bbox 1870 2509 1944 2546; x_wconf 88' lang='lat' dir='ltr'>mi-</span> 
     </span>
     <span class='ocr_line' id='line_1_63' title="bbox 1099 2562 1941 2613; baseline 0.002 -13"><span class='ocrx_word' id='word_1_480' title='bbox 1099 2574 1200 2600; x_wconf 86' lang='lat' dir='ltr'>nore</span> <span class='ocrx_word' id='word_1_481' title='bbox 1230 2562 1279 2601; x_wconf 87' lang='lat' dir='ltr'>ad</span> <span class='ocrx_word' id='word_1_482' title='bbox 1312 2562 1442 2601; x_wconf 85' lang='lat' dir='ltr'>maius</span> <span class='ocrx_word' id='word_1_483' title='bbox 1473 2563 1562 2613; x_wconf 86' lang='lat' dir='ltr'>ein,</span> <span class='ocrx_word' id='word_1_484' title='bbox 1594 2563 1668 2602; x_wconf 85' lang='lat' dir='ltr'>der</span> <span class='ocrx_word' id='word_1_485' title='bbox 1693 2562 1753 2602; x_wconf 79' lang='lat' dir='ltr'>oft</span> <span class='ocrx_word' id='word_1_486' title='bbox 1775 2576 1820 2603; x_wconf 84' lang='lat' dir='ltr'>so</span> <span class='ocrx_word' id='word_1_487' title='bbox 1843 2577 1941 2603; x_wconf 76' lang='lat' dir='ltr'>aus-</span> 
     </span>
     <span class='ocr_line' id='line_1_64' title="bbox 1101 2618 1942 2671; baseline 0.001 -14"><span class='ocrx_word' id='word_1_488' title='bbox 1101 2618 1305 2668; x_wconf 79' lang='lat' dir='ltr'>gedriickt</span> <span class='ocrx_word' id='word_1_489' title='bbox 1327 2619 1445 2668; x_wconf 82' lang='lat' dir='ltr'>wird,</span> <span class='ocrx_word' id='word_1_490' title='bbox 1470 2619 1565 2658; x_wconf 82' lang='lat' dir='ltr'>dass</span> <span class='ocrx_word' id='word_1_491' title='bbox 1589 2620 1663 2659; x_wconf 84' lang='lat' dir='ltr'>der</span> <span class='ocrx_word' id='word_1_492' title='bbox 1685 2620 1842 2671; x_wconf 77' lang='lat' dir='ltr'>logisch</span> <span class='ocrx_word' id='word_1_493' title='bbox 1865 2634 1942 2659; x_wconf 91' lang='lat' dir='ltr'>un-</span> 
     </span>
     <span class='ocr_line' id='line_1_65' title="bbox 1100 2675 1942 2728; baseline 0.002 -14"><span class='ocrx_word' id='word_1_494' title='bbox 1100 2676 1412 2726; x_wconf 82' lang='lat' dir='ltr'>tergeordnete,</span> <span class='ocrx_word' id='word_1_495' title='bbox 1435 2677 1510 2715; x_wconf 84' lang='lat' dir='ltr'>den</span> <span class='ocrx_word' id='word_1_496' title='bbox 1532 2675 1687 2728; x_wconf 80' lang='lat' dir='ltr'>Grund,</span> <span class='ocrx_word' id='word_1_497' title='bbox 1709 2677 1774 2716; x_wconf 90' lang='lat' dir='ltr'>die</span> <span class='ocrx_word' id='word_1_498' title='bbox 1795 2677 1942 2716; x_wconf 82' lang='lat' dir='ltr'>Bedin-</span> 
     </span>
     <span class='ocr_line' id='line_1_66' title="bbox 1098 2732 1942 2783; baseline 0.004 -13"><span class='ocrx_word' id='word_1_499' title='bbox 1098 2745 1220 2782; x_wconf 81' lang='lat' dir='ltr'>gung,</span> <span class='ocrx_word' id='word_1_500' title='bbox 1247 2732 1531 2783; x_wconf 76' lang='lat' dir='ltr'>Einriiuinung</span> <span class='ocrx_word' id='word_1_501' title='bbox 1553 2734 1819 2773; x_wconf 83' lang='lat' dir='ltr'>enthaitende</span> <span class='ocrx_word' id='word_1_502' title='bbox 1843 2734 1942 2773; x_wconf 81' lang='lat' dir='ltr'>Satz</span> 
     </span>
     <span class='ocr_line' id='line_1_67' title="bbox 1098 2788 1940 2840; baseline 0.004 -13"><span class='ocrx_word' id='word_1_503' title='bbox 1098 2789 1188 2828; x_wconf 88' lang='lat' dir='ltr'>dem</span> <span class='ocrx_word' id='word_1_504' title='bbox 1239 2788 1601 2839; x_wconf 79' lang='lat' dir='ltr'>iibergeordneten</span> <span class='ocrx_word' id='word_1_505' title='bbox 1649 2791 1940 2840; x_wconf 79' lang='lat' dir='ltr'>grammatisch</span> 
     </span>
     <span class='ocr_line' id='line_1_68' title="bbox 1097 2845 1942 2897; baseline 0.005 -14"><span class='ocrx_word' id='word_1_506' title='bbox 1097 2845 1407 2896; x_wconf 76' lang='lat' dir='ltr'>gleicbgestelit</span> <span class='ocrx_word' id='word_1_507' title='bbox 1445 2847 1571 2885; x_wconf 86' lang='lat' dir='ltr'>wird:</span> <span class='ocrx_word' id='word_1_508' title='bbox 1609 2849 1802 2897; x_wconf 74' lang='lat' dir='ltr'>etiamsi,</span> <span class='ocrx_word' id='word_1_509' title='bbox 1844 2849 1884 2886; x_wconf 75' lang='lat' dir='ltr'>si</span> <span class='ocrx_word' id='word_1_510' title='bbox 1916 2871 1942 2875; x_wconf 96' lang='lat'><em>-</em></span> 
     </span>
     <span class='ocr_line' id='line_1_69' title="bbox 1096 2902 1940 2957; baseline -0.001 -15"><span class='ocrx_word' id='word_1_511' title='bbox 1096 2904 1327 2955; x_wconf 76' lang='lat' dir='ltr'>putaretis,</span> <span class='ocrx_word' id='word_1_512' title='bbox 1358 2906 1496 2942; x_wconf 78' lang='lat' dir='ltr'>tamen</span> <span class='ocrx_word' id='word_1_513' title='bbox 1522 2902 1713 2957; x_wconf 78' lang='lat' dir='ltr'>luppiter</span> <span class='ocrx_word' id='word_1_514' title='bbox 1734 2909 1815 2944; x_wconf 81' lang='lat' dir='ltr'><strong>etc.</strong></span> <span class='ocrx_word' id='word_1_515' title='bbox 1859 2903 1940 2943; x_wconf 84' lang='lat' dir='ltr'>Das</span> 
     </span>
     <span class='ocr_line' id='line_1_70' title="bbox 1100 2958 1941 3009; baseline 0.001 -12"><span class='ocrx_word' id='word_1_516' title='bbox 1100 2958 1138 2997; x_wconf 92' lang='lat' dir='ltr'>in</span> <span class='ocrx_word' id='word_1_517' title='bbox 1177 2958 1319 2997; x_wconf 82' lang='lat' dir='ltr'>dieser</span> <span class='ocrx_word' id='word_1_518' title='bbox 1354 2958 1636 2999; x_wconf 79' lang='lat' dir='ltr'>Schlussform</span> <span class='ocrx_word' id='word_1_519' title='bbox 1681 2961 1941 3009; x_wconf 74' lang='lat' dir='ltr'>ungewiihn-</span> 
     </span>
     <span class='ocr_line' id='line_1_71' title="bbox 1098 3013 1942 3067; baseline 0 -13"><span class='ocrx_word' id='word_1_520' title='bbox 1098 3014 1203 3054; x_wconf 85' lang='lat' dir='ltr'>liche</span> <span class='ocrx_word' id='word_1_521' title='bbox 1222 3013 1387 3066; x_wconf 72' lang='lat' dir='ltr'>imperf.</span> <span class='ocrx_word' id='word_1_522' title='bbox 1405 3015 1812 3067; x_wconf 79' lang='lat' dir='ltr'>Conj.(gewo&#39;hn1ich</span> <span class='ocrx_word' id='word_1_523' title='bbox 1832 3017 1942 3055; x_wconf 75' lang='lat' dir='ltr'>steht</span> 
     </span>
     <span class='ocr_line' id='line_1_72' title="bbox 1099 3069 1937 3126; baseline 0 -16"><span class='ocrx_word' id='word_1_524' title='bbox 1099 3071 1174 3110; x_wconf 84' lang='lat' dir='ltr'>der</span> <span class='ocrx_word' id='word_1_525' title='bbox 1204 3069 1396 3117; x_wconf 79' lang='lat' dir='ltr'><strong>Iudicat..</strong></span> <span class='ocrx_word' id='word_1_526' title='bbox 1430 3070 1489 3112; x_wconf 83' lang='lat' dir='ltr'>ost</span> <span class='ocrx_word' id='word_1_527' title='bbox 1513 3074 1562 3113; x_wconf 90' lang='lat' dir='ltr'>im</span> <span class='ocrx_word' id='word_1_528' title='bbox 1589 3073 1841 3126; x_wconf 78' lang='lat' dir='ltr'>Hauptsatze</span> <span class='ocrx_word' id='word_1_529' title='bbox 1864 3073 1937 3111; x_wconf 82' lang='lat' dir='ltr'>das</span> 
     </span>
     <span class='ocr_line' id='line_1_73' title="bbox 1099 3127 1939 3172; baseline 0 -4"><span class='ocrx_word' id='word_1_530' title='bbox 1099 3127 1319 3172; x_wconf 53' lang='lat' dir='ltr'>Futurum»</span> <span class='ocrx_word' id='word_1_531' title='bbox 1341 3130 1503 3169; x_wconf 79' lang='lat' dir='ltr'>scheint</span> <span class='ocrx_word' id='word_1_532' title='bbox 1523 3131 1650 3169; x_wconf 83' lang='lat' dir='ltr'>durch</span> <span class='ocrx_word' id='word_1_533' title='bbox 1677 3131 1748 3168; x_wconf 81' lang='lat' dir='ltr'>dns</span> <span class='ocrx_word' id='word_1_534' title='bbox 1771 3131 1865 3167; x_wconf 78' lang='lat' dir='ltr'>erat</span> <span class='ocrx_word' id='word_1_535' title='bbox 1887 3129 1939 3168; x_wconf 84' lang='lat' dir='ltr'>im</span> 
     </span>
     <span class='ocr_line' id='line_1_74' title="bbox 1098 3184 1940 3233; baseline 0.001 -10"><span class='ocrx_word' id='word_1_536' title='bbox 1098 3184 1392 3225; x_wconf 81' lang='lat' dir='ltr'>Schlusssntze</span> <span class='ocrx_word' id='word_1_537' title='bbox 1404 3187 1655 3233; x_wconf 69' lang='lat' dir='ltr'>veranius-st,</span> <span class='ocrx_word' id='word_1_538' title='bbox 1674 3184 1940 3224; x_wconf 77' lang='lat' dir='ltr'>driicktaber</span> 
     </span>
     <span class='ocr_line' id='line_1_75' title="bbox 1097 3241 1936 3293; baseline -0.001 -12"><span class='ocrx_word' id='word_1_539' title='bbox 1097 3242 1215 3281; x_wconf 85' lang='lat' dir='ltr'>einen</span> <span class='ocrx_word' id='word_1_540' title='bbox 1259 3242 1536 3293; x_wconf 76' lang='lat' dir='ltr'>aligemeinen</span> <span class='ocrx_word' id='word_1_541' title='bbox 1580 3241 1804 3281; x_wconf 80' lang='lat' dir='ltr'>Gedanken</span> <span class='ocrx_word' id='word_1_542' title='bbox 1847 3254 1936 3291; x_wconf 77' lang='lat' dir='ltr'>aus,</span> 
     </span>
    </p>
   </div>
  </div>
 </body>
</html>
