2221 3537
220 2013 270 2052 10

929 260 1089 302 Lmen
1109 261 1178 302 lv.
1862 282 1895 305 t..
1920 283 1956 306 u.
1981 244 2060 308 sae.

313 263 415 313 230
1228 261 1343 302 CAP.
1360 261 1428 302 46.

312 389 478 437 eadem
517 387 706 452 imperii
740 387 892 436 multo
926 388 1176 451 inpensius
1206 389 1255 437 in
1282 388 1452 437 castris
1479 389 1701 438 accendi:
1735 389 1854 438 nihil
1882 390 2063 439 sentire

310 458 454 515 idem,
483 474 571 521 pro
603 459 833 506 sententia
861 473 1096 522 pugnare3
1125 475 1211 507 sua
1238 459 1435 508 consilia
1463 459 1592 517 velle,
1621 475 1707 508 sua
1733 459 1933 524 imperia
1959 459 2062 509 sola

318 535 418 576 rata
446 543 573 585 esse3
596 535 904 577 contemnere
929 529 979 576 in
1005 529 1154 577 vicem
1183 535 1231 577 et
1257 529 1514 586 contemni,
1541 529 1696 578 donec
1721 529 2063 594 castigantibus

310 598 475 660 legatis
511 599 706 647 tandem
739 599 800 648 ita
828 607 1163 663 comparatum
1191 606 1289 659 est,
1330 606 1380 648 ut
1406 600 1598 648 alternis
1626 600 1792 649 diebus
1820 615 2062 649 summam

311 668 501 731 imperii
535 669 779 718 haberent.
842 684 961 732 quae
997 685 1106 718 cum
1145 670 1297 718 adlata
1335 670 1541 718 Romam
1579 678 1764 729 essent,
1801 670 1974 719 dicitur
2004 670 2061 729 Q.

313 736 559 797 Servilius,
589 746 739 788 aetate
768 747 814 788 et
841 755 932 788 usu
958 740 1145 797 doctus,
1172 747 1394 803 precatus
1422 740 1480 788 ab
1508 740 1597 788 diis
1624 740 1976 800 inmortalibuS‚
2001 755 2063 789 ne

311 809 552 858 discordia
576 810 884 858 tribunorum
915 810 1198 858 damnosior
1223 811 1291 858 rei
1319 810 1537 874 publicae
1562 816 1704 867 esset,
1726 825 1869 873 quam
1891 810 1949 859 ad
1971 810 2062 859 Ve-

309 879 383 927 ios
410 879 595 936 fuisset,
625 888 671 928 et
697 879 822 927 velut
847 880 974 927 haud
1001 879 1142 928 dubia
1169 880 1301 929 clade
1327 880 1591 928 inminente
1617 880 1853 929 institisse
1871 879 1984 941 filio,
2011 886 2065 930 ut

310 950 486 997 milites
530 950 762 997 scriberet
805 955 851 997 et
884 964 1017 997 arma
1052 957 1255 1012 pararet.
1313 965 1402 998 nec
1437 950 1588 998 falsus
1622 956 1751 998 vates
1784 950 1888 999 fuit.
1948 965 2061 999 nam

310 1019 456 1067 ductu
482 1019 535 1067 L.
563 1019 721 1082 Sergi,
753 1020 888 1068 cuius
917 1019 1016 1068 dies
1043 1020 1233 1083 imperii
1260 1026 1373 1079 erat,
1401 1020 1508 1068 loco
1536 1021 1701 1084 iniquo
1731 1020 1819 1070 sub
1846 1021 2060 1070 hostium

309 1089 502 1148 castris,
537 1105 671 1148 cum,
709 1091 815 1153 quia
844 1090 1068 1138 simulato
1096 1098 1228 1139 metu
1254 1097 1498 1154 receperat
1525 1107 1576 1139 se
1602 1091 1759 1139 hostis
1785 1091 1843 1139 ad
1869 1091 2059 1152 vallum,

308 1175 421 1223 spes
450 1174 567 1207 vana
595 1161 899 1224 expugnandi
928 1167 1083 1208 castra
1110 1177 1166 1209 eo
1194 1161 1441 1220 traxisset,
1475 1162 1730 1224 repentino
1759 1161 1941 1225 impetu
1969 1162 2080 1210 Ae„

309 1245 517 1293 quorum
545 1246 631 1294 per
658 1231 882 1294 supinam
910 1231 1073 1279 vallem
1101 1231 1195 1279 fusi
1223 1238 1347 1287 sunt,
1379 1231 1610 1295 multique
1636 1232 1685 1280 in
1712 1232 1850 1280 ruina
1877 1231 2062 1281 maiore

308 1315 451 1363 quam
478 1300 587 1362 fuga
616 1301 840 1364 oppressi
867 1301 1251 1365 obtruncatique.
1297 1309 1546 1365 castraque
1568 1318 1623 1350 eo
1647 1302 1720 1350 die
1741 1317 1878 1365 aegre
1897 1307 2059 1351 reten-

307 1377 380 1428 ta,
415 1378 613 1434 postero
653 1372 727 1420 die
762 1372 1068 1420 circumfusis
1112 1373 1208 1420 iam
1243 1387 1416 1434 magna
1450 1388 1505 1420 ex
1540 1379 1674 1436 parte
1709 1372 1937 1421 hostibus
1973 1388 2061 1437 per

307 1456 523 1488 aversam
551 1450 741 1504 portam
770 1441 880 1504 fuga
907 1443 1036 1505 turpi
1066 1442 1373 1490 deseruntur.
1424 1443 1570 1491 duces
1597 1443 1832 1505 legatique
1858 1450 1904 1491 et
1929 1443 2060 1507 quod

308 1510 430 1558 circa
459 1511 593 1574 signa
620 1511 813 1559 roboris
843 1512 901 1559 de
930 1511 1140 1560 exercitu
1165 1512 1255 1560 fuit
1281 1512 1547 1561 Tusculum
1575 1513 1781 1575 petiere3
1818 1512 1958 1576 palati
1985 1513 2061 1562 alii

307 1595 394 1644 per
425 1596 567 1644 agros
609 1582 791 1644 passim
823 1581 985 1630 multis
1014 1582 1266 1633 itineribus
1294 1583 1516 1641 maioris,
1552 1598 1693 1646 quam
1722 1589 1917 1647 accepta
1943 1590 2058 1641 erat,

307 1651 452 1699 cladis
498 1651 654 1700 nuntii
698 1652 903 1700 Romam
950 1652 1322 1701 contenderunt.
1375 1653 1538 1702 minus
1583 1653 1918 1716 trepidationis
1951 1653 2057 1712 fuit,

309 1722 440 1785 quod
468 1728 664 1770 eventus
691 1723 856 1770 timori
885 1723 1140 1771 hominum
1169 1738 1444 1786 congruens
1471 1723 1639 1781 fuerat,
1668 1730 1714 1771 et
1739 1724 1868 1786 quod
1895 1723 2061 1772 subsi‘

309 1792 408 1847 dia,
447 1807 566 1855 quae
592 1793 889 1855 respicerent
915 1793 963 1841 in
990 1809 1040 1841 re
1067 1793 1274 1857 trepida,
1311 1800 1595 1857 praeparata
1621 1801 1755 1842 erant
1781 1793 1838 1842 ab
1863 1793 2057 1843 tribuno

306 1862 528 1910 militum.
580 1864 813 1926 iussuque
853 1863 1066 1911 eiusdem
1105 1879 1189 1927 per
1224 1864 1440 1912 minores
1475 1863 1782 1927 magistratus
1819 1864 1983 1913 sedato
2011 1865 2059 1913 in

306 1932 423 1981 urbe
457 1934 665 1982 tumultu
691 1934 1019 1996 speculatores
1047 1950 1254 1998 propere
1279 1935 1416 1982 missi
1442 1935 1719 1982 nuntiavere
1745 1934 1941 1982 Tusculi
1967 1935 2058 1983 du-

307 2018 385 2052 ces
430 2004 789 2067 exercitumque
834 2020 964 2063 esse,
1009 2005 1202 2053 hostem
1249 2011 1401 2054 castra
1433 2005 1542 2053 loco
1576 2019 1673 2053 non
1709 2004 1934 2053 movisse.
1998 2011 2057 2063 et,

363 2156 387 2195 2
409 2180 435 2184 —
457 2156 496 2195 4.
535 2170 612 2210 pro
643 2160 750 2196 sent.
783 2171 820 2195 n.
849 2171 929 2197 sua
950 2161 1138 2210 uterque.

305 2235 361 2241 —
381 2212 481 2252 velle
500 2226 537 2251 u.
560 2213 650 2252 sola
672 2217 768 2252 rata
789 2227 880 2252 esse
901 2215 1049 2263 gebort
1071 2227 1140 2253 so-

308 2269 414 2308 wohl
438 2283 489 2307 zu
512 2270 684 2309 consilia
713 2270 776 2308 als
811 2283 859 2308 zu
882 2273 1070 2323 imperia,
1103 2283 1135 2309 s,

310 2324 481 2374 10,12‚
513 2326 558 2371 93
592 2326 664 2372 26,
702 2326 771 2373 17,
797 2326 834 2364 8.
856 2349 912 2354 —
932 2331 971 2365 in
996 2330 1136 2376 ricem,

307 2381 390 2430 vgl.
415 2381 487 2430 34,
526 2380 600 2429 33,
638 2381 682 2420 3;
721 2383 785 2421 his
814 2382 938 2422 dictis
960 2384 1136 2421 int-icem

303 2437 555 2489 auditisque,
574 2437 640 2485 21,
659 2437 726 2487 43,
754 2438 818 2478 14.
834 2460 890 2467 —
907 2441 966 2478 ita
987 2452 1136 2493 comp„

307 2492 345 2539 3,
369 2494 434 2543 70,
458 2495 493 2531 1.
511 2516 566 2522 —
581 2494 771 2543 alternis,
789 2494 855 2542 22,
874 2494 941 2544 41,
961 2494 998 2533 3.
1016 2517 1070 2523 --
1089 2499 1139 2534 ut

304 2551 427 2588 scrib.
460 2555 560 2599 etc.,
599 2550 735 2589 dieses
774 2551 887 2589 batte
924 2564 1002 2589 nur
1032 2551 1135 2590 nach

306 2605 380 2643 der
401 2605 655 2655 Anordnung
677 2607 748 2644 des
766 2606 940 2645 Senates
963 2607 1135 2656 gesche-

307 2662 381 2699 hen
405 2660 583 2699 kiinncn.
607 2675 804 2700 —arma
822 2676 862 2713 p.
887 2662 990 2701 kann
1014 2662 1137 2701 iiber-

307 2718 432 2811 gaqpot
459 2717 526 2811 gie
549 2716 791 2767 Zuriistung
814 2718 1077 2768 bezeichnen,
1101 2731 1131 2756 s.

335 2804 346 2823 2
424 2803 436 2823 ⁹
489 2803 497 2811 ⁶

362 2830 473 2867 5—0.
515 2831 633 2868 cuius
656 2835 757 2874 etc.,
784 2842 815 2867 s.
841 2842 875 2868 c.
903 2829 966 2878 16,
992 2830 1036 2867 7:
1061 2843 1136 2868 zur

305 2884 434 2923 Sache
458 2884 531 2934 22,
562 2886 639 2935 45,
669 2885 706 2923 5.
742 2908 789 2913 —
822 2899 868 2924 eo
899 2889 1037 2936 tran,
1069 2886 1135 2936 22,

309 2941 371 2991 15,
395 2941 433 2979 7.
450 2963 504 2969 —
525 2943 693 2995 supina,
717 2942 788 2980 das
812 2941 1044 2980 riickw‘a'rts
1067 2954 1138 2990 ge-

304 2996 482 3048 bogene,
519 2998 603 3036 sich
636 2998 838 3036 lehnende
870 2996 994 3045 Thal‚
1036 2998 1134 3037 wir:

306 3052 541 3092 riickw‘arts
564 3054 637 3093 das
660 3053 734 3093 Th.
756 3053 898 3102 hinab,
921 3054 966 3103 6,
991 3053 1064 3103 24,
1089 3053 1136 3102 33

309 3109 354 3157 7,
376 3108 452 3159 24,
483 3110 520 3148 5.
544 3132 599 3138 -
616 3112 655 3148 in
679 3112 802 3149 ruina
823 3115 925 3158 etc.,
957 3123 989 3148 s.
1015 3123 1048 3148 c.
1069 3109 1135 3158 32,

311 3164 376 3214 10,
398 3164 462 3204 bei
485 3166 602 3204 einer
624 3166 869 3216 Bewegung,
891 3166 957 3204 die
979 3166 1094 3204 mehr
1110 3189 1137 3194 —

307 3233 418 3261 war:
443 3233 572 3271 „cum
593 3222 668 3260 aliz·
686 3235 814 3276 super
834 3221 941 3261 alios
964 3226 1138 3261 ruerent

306 3280 443 3328 magis
479 3291 601 3330 qnam
633 3279 905 3331 sugerent,“
938 3277 1131 3325 Crevier3

1230 2171 1316 2197 was
1340 2158 1617 2208 Bestimmung
1653 2159 1725 2198 des
1750 2157 1934 2198 Verbum
1969 2159 2058 2198 sein

1229 2215 1367 2266 sollte,
1390 2216 1459 2253 hat
1477 2215 1561 2254 sich
1579 2215 1642 2254 als
1653 2214 1842 2254 Attribut
1865 2215 2057 2266 (maiore)

1228 2283 1276 2309 an
1322 2272 1394 2310 das
1434 2270 1678 2310 Substantiv
1717 2270 2056 2321 angeschlossen.

1227 2350 1281 2355 —
1298 2340 1448 2376 avers„
1472 2325 1510 2377 3,
1533 2328 1571 2375 5,
1595 2328 1633 2365 5.
1649 2349 1706 2355 —
1721 2329 1833 2367 circa
1848 2341 1900 2377 3.,
1922 2327 2058 2365 walir-

1228 2384 1451 2422 scheinlich
1473 2383 1537 2421 die
1559 2382 1764 2431 Triarier,
1795 2396 1827 2422 s.
1861 2381 1906 2432 8,
1937 2381 1984 2430 8;
2015 2382 2056 2433 2,

1226 2439 1294 2488 47,
1317 2439 1356 2477 5.
1376 2462 1430 2467 ——-
1452 2437 1634 2482 TuscuL,
1658 2439 1737 2477 wie
1759 2437 1798 2488 3,
1821 2437 1887 2476 42.

1284 2550 1307 2588 8
1329 2573 1357 2578 -
1377 2550 1416 2588 9.
1457 2553 1678 2603 respicer.,
1721 2548 2056 2602 zuriickblicken,

1226 2606 1341 2644 seine
1363 2604 1552 2644 Zuilucht
1573 2607 1763 2653 nehmen‚
1795 2618 1828 2645 s.
1851 2618 1886 2645 c,
1912 2605 1984 2656 17,
2008 2606 2055 2654 ὃς

1227 2661 1301 2711 24,
1325 2662 1399 2711 45,
1430 2663 1468 2700 5.
1491 2685 1546 2690 —
1565 2665 1752 2702 minores
1773 2675 1908 2714 magn,
1940 2662 1988 2701 da
2013 2661 2053 2700 in

1221 2717 1345 2768 jener
1364 2717 1458 2757 Zeit
1479 2719 1543 2757 die
1567 2719 1617 2758 im
1640 2731 1820 2769 engeren
1839 2719 1963 2758 Sinne
1986 2730 2056 2757 so-

1227 2781 1459 2823 genannten
1493 2787 1599 2824 mag.
1636 2775 1838 2824 minores,
1874 2774 1953 2813 wie
1990 2774 2055 2813 die

1228 2831 1434 2869 triumviri
1473 2831 1693 2883 capitales,
1737 2830 1939 2870 triumviri
1979 2842 2055 2868 no-

1228 2887 1363 2925 cturni
1381 2900 1421 2925 u.
1439 2899 1490 2934 a.,
1515 2899 1549 2926 s.
1568 2885 1633 2934 32,
1657 2885 1732 2934 263
1755 2886 1822 2935 39,
1849 2886 1920 2935 143
1948 2884 2054 2936 16f.,

1229 2944 1330 2981 noch
1353 2943 1464 2982 nicht
1485 2943 1719 2982 voi-handen
1743 2954 1900 2994 waren,
1931 2953 1977 2980 so
1999 2941 2055 2980 ist

1228 2999 1443 3038 entweder
1478 2998 1567 3038 eine
1606 2998 1882 3051 Anticipation
1922 3009 2053 3036 anzu-

1227 3056 1421 3103 nehmen,
1458 3055 1559 3094 oder
1593 3067 1643 3093 an
1675 3054 1740 3093 die
1763 3053 1934 3094 Aedilen
1972 3052 2054 3092 und

1226 3110 1461 3162 Quastoren
1499 3124 1549 3150 zu
1585 3109 1769 3161 denken,
1806 3110 1870 3149 die
1907 3121 2052 3160 wegen

1225 3168 1299 3205 der
1320 3166 1798 3218 geriugerenAuspicien
1821 3166 1923 3205 auch
1945 3177 2050 3216 mag.

1225 3223 1405 3262 minores
1435 3223 1612 3262 heisseu.
1653 3220 1746 3272 Vgl.
1778 3220 1853 3273 22,
1890 3221 1964 3273 55,
2001 3221 2050 3270 63

1223 3278 1289 3330 25,
1315 3279 1348 3331 1,
1375 3279 1447 3327 113
1472 3278 1630 3319 Becker
1651 3277 1689 3330 2,
1712 3277 1752 3329 2,
1775 3276 1841 3317 85.
