2221 3537
120 249 155 273 ⁸.
181 239 250 274 eh.
275 239 355 273 423.

698 224 859 266 LIBER
880 224 951 266 lv.
999 224 1117 266 CAP.
1140 225 1210 267 40.
1242 226 1310 266 41.

1778 224 1882 275 219

119 355 284 416 citum,
303 353 506 405 traditos
524 352 584 404 ad
605 352 799 402 caedem
821 351 1121 401 fortissimos
1142 353 1343 415 equiteS,
1368 352 1555 402 deserta
1572 351 1711 401 foede
1726 359 1883 402 castra

116 425 365 476 vociferati
390 429 569 482 essent,
599 422 648 472 C.
671 422 837 472 Iunius
865 438 992 472 unus
1020 438 1075 470 ex
1104 422 1310 471 tribunis
1332 423 1651 487 Tempanium
1673 423 1883 488 equitem
1920 431 1945 471 6

117 496 279 547 vocari
305 494 470 554 iussit,
501 508 767 557 coramque
794 493 834 542 ei
863 493 1052 551 „Sexte
1079 493 1351 557 Tempani“
1381 494 1549 556 inquit,

1578 533 1605 551 ‚,
1620 510 1798 558 quaero
1826 494 1885 543 de

117 572 182 628 te,
207 564 516 616 arbitrerisne
536 563 587 614 C.
610 563 957 628 Sempronium
985 563 1234 613 consulem
1258 571 1339 611 aut
1359 563 1407 611 in
1430 572 1650 627 tempore
1671 580 1883 628 pugnam

114 635 269 686 inisse
293 642 375 685 aut
394 636 617 685 firmasse
638 634 869 684 subsidiis
891 635 1040 683 aciem
1063 642 1145 683 aut
1164 634 1261 682 ullo
1284 633 1400 682 boni
1423 634 1641 682 consulis
1662 636 1883 684 functum

116 705 305 766 officie,
331 712 379 755 et
403 713 521 755 tune
547 706 653 771 ipse
679 705 815 754 victis
841 704 1113 768 legionibus
1141 705 1375 754 Romanis
1404 711 1486 753 tuo
1516 705 1718 753 consilio
1746 707 1881 769 equi·
1921 716 1942 753 7

114 783 216 828 tem
248 776 307 827 ad
346 777 494 841 pedes
532 776 786 826 deduxeris
820 776 1188 839 restituerisque
1216 790 1456 840 pugnam3
1490 775 1684 823 excluso
1714 775 1886 824 deinde
1941 833 1947 838 ⁴

116 847 176 898 ab
201 848 304 898 acie
329 854 497 896 nostra
518 847 602 896 tibi
624 854 766 911 atque
786 846 1026 911 equitibus
1050 863 1167 896 num
1190 853 1270 896 aut
1291 846 1461 895 consul
1484 846 1588 910 ipse
1608 845 1887 895 subvenerit

116 924 199 969 aut
224 918 411 968 miserit
435 918 754 983 praesidium3
790 925 992 983 postero
1022 918 1228 981 denique
1255 918 1330 966 die
1359 917 1528 981 ecquid
1557 917 1768 981 praesidi
1798 933 1881 965 us·
1923 928 1945 966 8

116 1004 261 1054 quam
288 989 530 1048 habueriS,
556 1004 616 1039 an
643 995 695 1038 tu
724 990 1000 1052 cohorsque
1026 990 1072 1038 in
1096 996 1251 1039 castra
1274 995 1427 1036 vestra
1452 988 1622 1036 virtute
1643 1003 1884 1052 perrupe-

114 1060 241 1120 ritis;
267 1075 469 1124 ecquem
498 1060 546 1109 in
575 1060 745 1109 castris
775 1061 1042 1119 consulem,
1071 1075 1271 1123 ecquem
1300 1059 1560 1107 exercitum
1585 1059 1883 1115 inveneritis,

115 1145 177 1180 an
208 1131 395 1180 deserta
433 1138 589 1180 castra
623 1131 819 1180 relictos
856 1132 1048 1180 saucios
1085 1131 1275 1180 milites,
1329 1130 1447 1178 baec
1482 1146 1569 1194 pro
1604 1130 1777 1178 virtute
1805 1137 1883 1178 tua
1920 1140 1945 1178 9

115 1201 331 1266 fideque,
367 1217 460 1265 qua
502 1217 594 1251 una
631 1202 726 1250 hoc
758 1201 881 1250 bello
910 1217 996 1266 ¹res
1024 1202 1214 1265 publica
1244 1201 1394 1257 stetit,
1430 1200 1630 1248 dicenda
1658 1199 1742 1248 tibi
1770 1208 1887 1249 sunt

113 1271 286 1331 hodie;
329 1271 538 1335 denique
573 1271 654 1320 ubi
693 1272 741 1320 C.
780 1272 1127 1336 SemproniuS,
1165 1271 1246 1320 ubi
1286 1271 1499 1334 legiones
1533 1277 1730 1319 nostrae
1769 1272 1884 1328 sint,

114 1341 335 1392 desertus
362 1342 431 1391 sis
459 1357 519 1392 an
546 1342 819 1391 deserueris
848 1342 1100 1392 consulem
1128 1341 1513 1405 exercitumque,
1541 1341 1648 1390 victi
1676 1340 1884 1405 denique

114 1413 270 1463 simus
305 1428 365 1462 an
400 1412 670 1462 vicerimus,
686 1418 711 1438 ‘⁴

763 1413 1009 1462 Adversus
1037 1414 1156 1462 haec
1184 1411 1420 1476 Tempani
1449 1411 1604 1460 oratio
1634 1412 1884 1475 incompta
1920 1415 1987 1465 41

113 1484 267 1535 fuisse
294 1484 482 1543 dicitur,
508 1491 727 1533 ceterum
756 1484 1025 1534 militariter
1051 1484 1222 1548 graviS‚
1250 1498 1349 1532 non
1379 1482 1480 1531 suis
1509 1498 1625 1532 vana
1646 1482 1886 1541 laudibuS,

114 1571 215 1605 non
238 1555 438 1604 crimine
458 1555 612 1604 alieno
635 1555 770 1603 laeta.
817 1563 994 1618 quanta
1017 1556 1271 1620 prudentia
1293 1554 1359 1602 rei
1382 1553 1577 1601 bellicae
1600 1554 1647 1602 in
1669 1553 1718 1601 C.
1743 1553 1883 1602 Sem-
1921 1566 1944 1606 2

111 1626 290 1692 pronio
317 1632 461 1683 esset,
489 1641 587 1674 non
616 1625 779 1674 militis
807 1626 864 1674 de
892 1627 1187 1690 imperatore
1214 1624 1617 1674 existimationem
1647 1640 1773 1682 esse,
1801 1625 1884 1673 sed

112 1697 281 1763 populi
309 1696 514 1746 Romani
550 1697 724 1754 fuisse,
759 1712 867 1745 cum
897 1713 1006 1746 eum
1036 1696 1245 1746 comitiis
1273 1696 1524 1745 consulem
1552 1695 1742 1758 legeret.
1793 1695 1884 1744 ita-
1923 1706 1947 1746 3

114 1783 208 1832 que
239 1782 300 1816 ne
335 1766 394 1816 ab
430 1783 482 1816 se
517 1767 830 1831 imperatoria
871 1768 1069 1817 consilia
1105 1783 1198 1817 neu
1233 1767 1515 1816 consulares
1554 1773 1680 1815 artes
1716 1767 1884 1830 exqui-

112 1845 302 1897 rerent,
347 1853 468 1903 quae
514 1837 801 1902 pensitanda
842 1854 1036 1904 quoque
1068 1839 1259 1903 magnis
1294 1837 1470 1887 animis
1506 1844 1646 1902 atque
1681 1837 1882 1901 ingeniis

170 2023 196 2063 6
216 2047 245 2052 -
265 2022 304 2064 8.
347 2022 519 2072 Iunius,
542 2023 608 2062 die
632 2023 825 2063 handsch.
850 2022 954 2063 Les-

114 2086 182 2120 art
212 2079 345 2121 lulius
377 2080 484 2119 kann
526 2080 639 2119 nicht
668 2086 773 2120 statt
809 2080 953 2134 haben,

115 2137 166 2177 da
198 2137 269 2176 die·
286 2135 376 2176 Iulii
400 2136 604 2176 Patricier
632 2137 737 2176 sind.
759 2159 814 2165 -——
838 2140 950 2190 equi·

117 2196 214 2243 lem,
237 2194 350 2233 diese
375 2191 561 2232 einsache
582 2193 869 2245 Bezeiciinung
890 2195 954 2234 als

116 2249 274 2299 muer,
307 2250 420 2289 nicht
447 2250 509 2289 als
540 2250 729 2301 decurio,
761 2250 816 2289 ist
838 2257 952 2302 matt,

114 2307 195 2347 und
219 2307 321 2346 wird
342 2319 419 2345 von
434 2306 576 2346 Duker
596 2307 657 2346 als
680 2308 745 2345 ein
760 2306 953 2347 Glossem

115 2363 324 2414 gehalten.
353 2386 408 2392 —
437 2364 598 2415 vocari,
637 2376 670 2402 S.
711 2363 756 2415 3,
794 2363 867 2415 64,
908 2364 951 2402 7:

111 2419 325 2476 producti.
345 2443 399 2449 —
422 2433 579 2468 coram,
603 2432 635 2459 s.
660 2419 698 2470 3,
729 2420 789 2472 10,
817 2420 880 2459 10.
899 2444 950 2448 —

115 2479 156 2517 m·
177 2477 305 2527 hiingt
332 2490 412 2517 von
434 2479 570 2530 inquit
590 2476 661 2526 ab,
698 2477 777 2515 wie
804 2477 846 2525 l,
885 2477 952 2526 32,

121 2532 194 2581 113
223 2533 300 2582 40,
334 2533 381 2581 8,
411 2533 434 2572 2
466 2547 503 2572 11.
536 2546 572 2573 a.
596 2555 652 2562 --
673 2535 953 2574 arbitrerisne

116 2594 214 2638 ete„
236 2589 311 2628 der
327 2588 526 2629 wechsel
549 2590 587 2629 in
611 2591 687 2629 den
712 2589 874 2641 Fragen
898 2591 954 2630 ist

118 2659 171 2686 zu
198 2644 424 2695 benchten,
459 2646 544 2696 vgl.
572 2645 617 2694 8,
648 2646 724 2694 32,
758 2647 797 2686 4.
820 2669 875 2676 -
896 2647 954 2687 ad

115 2701 256 2758 pedes,
278 2700 345 2753 38,
369 2700 433 2753 26,
458 2700 502 2741 3:
525 2704 794 2755 equitatum—
804 2704 861 2744 od
878 2718 954 2758 pe-

120 2758 194 2800 des
214 2757 466 2805 ἀοάιιοίιιηις
493 2757 559 2806 29,
584 2757 622 2808 2,
649 2758 954 2812 14zequit1bus

120 2815 179 2856 ad
203 2814 334 2870 pedes
361 2814 605 2868 ‹ingres-siu*
643 2814 690 2863 3,
727 2815 802 2867 62,
839 2817 878 2857 8.
900 2841 954 2847 -

118 2885 301 2925 aequent,
323 2873 400 2912 wie
416 2871 571 2923 nullus,
593 2872 632 2920 6,
660 2871 725 2922 18,
747 2871 787 2912 8.

175 2922 263 2970 41.
308 2928 365 2968 1-
375 2927 413 2968 2.
446 2902 690 2969 mewlztarae'ter
715 2941 785 2980 gr.
798 2958 809 2978 ,
841 2929 954 2969 wiir·

119 2985 188 3036 dig
210 2986 311 3026 nach
334 2984 600 3037 Rriegerart,
631 2985 674 3036 3,
700 2985 775 3034 29,
807 2984 854 3034 33
886 2985 955 3034 39,

119 3041 196 3093 40,
221 3042 285 3082 10.
307 3065 363 3071 -
383 3056 467 3082 non
489 3042 637 3082 nummu
658 3065 685 3070 -
707 3056 798 3081 esse
819 3042 955 3082 invol-

118 3099 205 3138 virt
225 3099 413 3150 zugleich
431 3100 507 3139 den
521 3099 663 3139 Grund
686 3098 758 3137 des
782 3100 959 3139 vorber-

121 3155 214 3205 gob.
237 3153 509 3196 Gedankens:
535 3170 582 3196 xe
602 3158 855 3196 existimare
873 3169 955 3196 non

122 3224 269 3266 posse,
298 3225 398 3252 nam
419 3226 503 3254 non
526 3227 620 3252 esse
639 3212 785 3252 rnilitis
809 3211 860 3252 do
879 3214 959 3253 im·

120 3272 318 3322 peratore
339 3275 419 3309 etc.
443 3291 495 3299 ——
518 3271 893 3321 existimauerim,
919 3282 955 3309 c.

1046 2024 1120 2073 20,
1144 2022 1183 2063 8.
1203 2046 1258 2052 —
1277 2036 1375 2077 pop.
1398 2022 1543 2073 Rom„
1581 2021 1665 2072 vgl.
1696 2022 1881 2072 dugegen

1046 2080 1113 2130 26,
1136 2079 1175 2128 2,
1198 2082 1242 2119 9:
1265 2081 1487 2128 neminem,
1507 2092 1600 2119 cum
1618 2081 1883 2131 suffragium

1045 2140 1175 2186 ineat,
1197 2140 1303 2177 sans
1325 2149 1512 2187 cet-·,nete
1534 2150 1599 2176 cue
1620 2138 1884 2190 i'mpermm-

1045 2197 1279 2249 perszttat
1297 2216 1353 2222 —-
1370 2197 1522 2241 emme„
1546 2194 1584 2241 2,
1611 2193 1678 2242 36,
1701 2193 1742 2232 2.

1104 2250 1142 2290 3.
1183 2250 1459 2304 pensitanda,
1497 2264 1575 2288 von
1599 2249 1745 2288 Cicero
1779 2249 1883 2288 wir-d

1041 2309 1260 2362 ρειιεὶΓαιε
1291 2320 1366 2345 11111·
1396 2307 1432 2345 in
1465 2307 1554 2346 dem
1591 2305 1884 2369 eigentlichen,

1045 2377 1125 2403 von
1150 2363 1196 2403 L.
1222 2364 1300 2402 und
1325 2363 1530 2415 Sp'ateren
1560 2364 1662 2401 aucli
1687 2363 1737 2401 im
1763 2362 1887 2400 iiber-

1047 2427 1246 2470 tragenen
1271 2420 1416 2458 Sinne:
1439 2420 1649 2469 abwiigen,
1673 2418 1884 2469 erwiigen,

1045 2478 1269 2527 iiberlegen
1289 2476 1533 2527 gebraucht,
1551 2489 1713 2528 quoque
1723 2476 1885 2514 scheint

1047 2532 1314 2584 hinzugeffigt
1333 2534 1410 2572 wie
1435 2532 1470 2583 3,
1494 2533 1562 2582 45,
1585 2532 1631 2580 6,
1656 2532 1788 2571 indem
1810 2532 1886 2571 der

1045 2591 1262 2630 Gedanke:
1281 2590 1544 2641 geschweige
1562 2590 1759 2628 dassman
1780 2589 1884 2628 ohne

1045 2648 1349 2696 Ueberlegung‚
1366 2659 1440 2686 aus
1459 2647 1547 2686 dem
1562 2643 1773 2695 Stegreise
1796 2646 1883 2685 sich

1045 2705 1226 2745 dariiber
1243 2704 1436 2744 erkliiren
1462 2703 1630 2751 kfiunte,
1655 2716 1705 2742 zu
1730 2704 1885 2753 ergiin·

1046 2776 1121 2802 zen
1152 2762 1219 2801 ist.
1264 2761 1322 2800 Da
1360 2761 1425 2800 ein
1465 2760 1684 2813 doppelter
1714 2758 1883 2809 (ἔερτοη-

1044 2824 1137 2858 satz
1167 2823 1272 2857 stult
1301 2818 1448 2857 findet:
1486 2816 1779 2856 unmittelbare
1805 2814 1883 2854 Er-

1044 2875 1224 2925 kli'irung
1246 2875 1326 2914 und
1349 2872 1596 2924 sorgsa'ltige
1621 2873 1881 2921 Erwiigung:

1047 2932 1341 2984 Sempronius,
1378 2932 1442 2970 ein
1474 2929 1686 2969 einfucher
1707 2926 1884 2977 h'riegs-

1046 3002 1181 3039 mann,
1213 2989 1293 3027 und
1324 2987 1671 3037 ausgezeichnete
1694 2985 1885 3024 1111Ιί111Γί-

1046 3046 1144 3086 sebo
1168 3044 1344 3092 Genies,
1382 3057 1427 3082 so
1458 3043 1613 3082 konnte
1642 3055 1803 3095 quoque
1833 3054 1883 3080 zu

1047 3102 1137 3141 dem
1179 3102 1298 3141 einen
1351 3101 1453 3139 oder
1502 3100 1686 3138 anderen
1739 3097 1885 3148 gestigt

1047 3158 1238 3208 werden,
1276 3158 1354 3197 und
1387 3158 1463 3195 wir
1492 3155 1661 3194 wiirden
1698 3168 1767 3202 es,
1805 3155 1884 3193 wie

1047 3214 1148 3255 Reiz
1166 3227 1311 3261 verm„
1335 3214 1435 3252 nach
1454 3214 1639 3264 magma,
1660 3212 1767 3251 daun
1784 3211 1886 3251 aber

1047 3272 1151 3311 auch
1174 3273 1343 3323 magnis
1360 3282 1522 3322 quoquo
1542 3270 1629 3321 ing.
1647 3281 1725 3308 vor
1742 3270 1886 3324 peresi·
