2221 3537
984 211 1143 252 LIBER
1165 211 1216 253 V.
1266 212 1381 253 CAP.
1399 212 1467 254 49.
1912 233 1946 256 n.
1971 233 2007 256 u.
2032 225 2114 258 364.

364 214 464 264 358

300 349 323 388 3
366 340 424 388 ad
458 339 695 403 proelium
736 338 1007 402 expediant.
1069 354 1187 387 suos
1225 338 1274 387 in
1309 353 1531 388 acervum
1567 339 1789 388 conicere
1823 339 2035 390 sarcinas
2069 345 2116 388 et

360 424 495 457 arma
515 415 678 472 aptare
697 409 938 472 ferroque,
965 423 1067 457 non
1087 424 1204 458 auro
1225 423 1511 473 recuperare
1531 409 1734 473 patriam
1756 408 1903 468 iubet,
1921 409 1973 458 in
1993 424 2117 458 con-

361 484 530 541 spectu
558 478 787 527 habentes
807 479 916 527 fana
938 479 1081 527 deum
1103 485 1150 527 et
1170 479 1404 542 coniuges
1424 485 1474 527 et
1492 479 1667 528 liberos
1688 486 1736 528 et
1755 478 1913 529 solum
1936 479 2118 544 patriae

361 549 578 597 deforme
613 548 720 596 belli
754 548 890 598 malis
926 555 972 597 et
1006 549 1191 607 omnia,
1232 564 1352 613 quae
1387 549 1579 598 defendi
1604 550 1853 614 repetique
1877 555 1926 599 et
1949 549 2116 599 ulcisci

358 618 429 666 fas
459 618 534 667 sit.
578 618 771 667 instruit
796 618 968 667 deinde
995 619 1160 678 aciem,
1191 626 1243 668 ut
1266 619 1359 668 loci
1385 625 1555 669 natura
1581 619 1864 683 patiebatur,
1890 619 1940 668 in
1966 619 2116 668 semi-

359 694 493 736 rutae
520 688 625 736 solo
653 688 788 737 urbis
817 695 862 737 et
886 696 1053 738 natura
1079 689 1331 753 inaequali,
1360 697 1406 738 et
1432 691 1610 748 omnia,
1639 705 1759 753 quae
1785 696 1885 738 arte
1904 689 2015 739 belli
2034 704 2116 738 se-

301 769 318 776 ·
359 758 513 806 cunda
548 758 648 807 suis
685 759 792 822 eligi
829 760 1160 822 praepararive
1199 766 1444 823 poterant,
1481 759 1706 823 providit.
1756 758 1874 808 Galli
1908 773 2032 808 nova
2063 774 2117 808 re

358 828 533 892 trepidi
568 844 700 877 arma
736 829 953 893 capiunt.
990 828 1156 892 iraque
1192 831 1345 892 magis
1382 845 1525 893 quam
1559 829 1762 878 consilio
1791 830 1841 878 in
1866 827 2115 878 Romanos

358 898 624 947 incurrunt.
677 898 770 946 iarn
807 905 1011 947 verterat
1042 899 1261 956 fortuna,
1299 900 1393 948 iam
1426 900 1629 948 deorum
1659 914 1778 964 opes
1806 899 2115 964 humanaque

359 968 558 1016 consilia
584 983 688 1016 rem
714 969 982 1017 Romanam
1010 969 1312 1018 adiuvabant.
1360 969 1506 1033 igitur
1532 969 1690 1033 primo
1719 983 1961 1020 concursu
1985 970 2116 1019 haud

356 1037 540 1086 maiore
576 1045 825 1086 momento
860 1038 954 1087 susi
991 1038 1111 1087 Galli
1145 1046 1281 1097 sunt,
1319 1055 1463 1103 quam
1498 1040 1559 1089 ad
1585 1039 1737 1088 Aliam
1763 1040 1988 1089 vicerant.
2039 1039 2117 1089 iu-

358 1108 508 1157 stiore
534 1109 680 1157 altero
709 1108 882 1157 deinde
907 1109 1092 1173 proelio
1120 1109 1178 1158 ad
1207 1116 1428 1159 octavum
1454 1109 1663 1174 lapidem
1691 1108 1873 1160 Gabina
1898 1109 1988 1168 via,
2015 1125 2113 1174 quo

358 1193 409 1226 se
439 1194 495 1226 ex
530 1178 642 1242 fuga
678 1179 1004 1236 contulerant,
1040 1180 1259 1228 eiusdem
1286 1179 1430 1229 ductu
1459 1180 1775 1245 auspicioque
1800 1179 1981 1230 Camilli
2007 1180 2116 1230 vin-

358 1256 547 1297 cuntur.
599 1249 662 1298 ibi
691 1249 858 1298 caedes
888 1250 1051 1299 omnia
1079 1250 1310 1310 obtinuit3
1347 1257 1501 1300 castra
1529 1251 1799 1315 capiuntur,
1828 1256 1875 1300 et
1899 1265 1961 1300 ne
1985 1265 2116 1300 nun-

355 1319 451 1367 tius
479 1319 671 1383 quidem
696 1319 842 1368 cladis
863 1321 1071 1369 relictuS.
1118 1321 1323 1370 dictator
1342 1327 1620 1385 recuperata
1641 1337 1697 1369 ex
1718 1320 1940 1370 hostibus
1962 1321 2116 1385 patria

354 1389 661 1452 triumphans
688 1390 736 1437 in
765 1390 933 1438 urbem
956 1390 1097 1447 redit,
1126 1392 1344 1455 interque
1362 1391 1498 1440 iocos
1519 1391 1765 1452 militares,
1793 1406 1918 1455 quos
1939 1391 2115 1439 incon-

357 1460 483 1507 ditos
511 1460 706 1517 iaciunt,
734 1460 973 1508 Romulus
1003 1475 1057 1508 ac
1083 1476 1258 1523 parens
1288 1462 1468 1526 patriae
1495 1461 1812 1526 conditorque
1838 1460 1956 1510 alter
1980 1460 2114 1510 urbis

356 1529 480 1577 haud
508 1530 641 1577 vanis
668 1529 889 1578 laudibus
918 1530 1257 1594 appellabatur.

496 1599 740 1648 Servatam
774 1600 945 1648 deinde
979 1600 1102 1648 bello
1138 1602 1341 1664 patriam
1376 1601 1547 1649 iterum
1585 1600 1632 1648 in
1666 1615 1782 1664 pace
1815 1600 1943 1650 haud
1970 1599 2113 1649 dubie

356 1669 583 1726 servavit,
620 1685 732 1718 cum
767 1670 1016 1733 prohibuit
1052 1671 1247 1734 migrari
1275 1671 1416 1720 Veios
1445 1677 1491 1719 et
1515 1670 1721 1720 tribunis
1749 1686 1850 1719 rem
1877 1671 2110 1720 intentius

353 1739 603 1803 agentibus
640 1747 755 1804 post
789 1741 1038 1789 incensam
1072 1741 1240 1790 urbem
1277 1748 1323 1790 et
1348 1757 1435 1805 per
1462 1757 1513 1790 se
1537 1740 1766 1790 inclinata
1793 1741 1947 1805 magis
1973 1740 2112 1805 plebe

1278 1893 1352 1919 vor
1374 1882 1464 1920 dem
1488 1881 1525 1919 5.
1546 1880 1641 1927 suli,
1666 1880 1742 1918 den
1763 1878 2038 1932 Populii'ugia.
2054 1902 2111 1909 —-

354 1876 555 1929 Austrage
592 1881 672 1919 und
702 1880 857 1919 Numen
896 1880 1085 1920 handeln.
1142 1879 1186 1919 ln

1276 1937 1427 1991 lapid.,
1465 1950 1499 1976 c.
1523 1937 1571 1987 4,
1608 1936 1670 1975 12.
1692 1958 1747 1964 -
1772 1934 1870 1977 Gab.
1895 1938 1983 1987 via,
2018 1935 2109 1976 also

354 1935 443 1973 dem
482 1936 776 1985 vorliegenden
800 1936 919 1976 Falle
956 1936 1084 1976 baben
1118 1937 1186 1987 je-

354 1992 455 2030 doeh
510 1993 574 2031 die
622 1992 1021 2032 Consulartribunen
1076 1993 1188 2032 nicht

353 2044 420 2085 fiir
440 2048 537 2098 sich,
563 2061 595 2087 s.
620 2048 657 2095 9,
683 2048 719 2096 9,
743 2050 782 2099 4,
805 2050 984 2088 sondern
1008 2049 1060 2088 im
1085 2049 1186 2088 Auf-

355 2109 472 2152 trage
494 2104 566 2142 des
589 2105 739 2144 Senats
772 2106 835 2144 die
860 2103 1187 2146 Uebereinkunft

353 2159 573 2207 geu-offen.
591 2162 787 2212 —sana,
811 2175 845 2200 c.
866 2162 932 2210 50,
957 2161 995 2200 2.
1013 2184 1067 2189 -
1089 2174 1187 2202 con-

351 2218 454 2267 iug„
480 2228 513 2254 c.
537 2214 604 2267 39,
627 2216 664 2254 9.

410 2271 435 2309 4
451 2294 479 2299 -
498 2272 534 2310 7.
576 2275 826 2322 semirutae,
848 2286 884 2313 a.
909 2287 949 2312 u.
973 2273 1034 2312 St.
1058 2273 1186 2313 denkt

353 2327 436 2365 sich
467 2327 556 2365 also
589 2327 632 2366 L.
667 2329 779 2367 nicht
804 2330 868 2368 die
905 2341 1035 2379 ganze
1066 2330 1186 2369 stadt

353 2385 554 2435 zerstb'rt,
594 2396 627 2423 s.
660 2398 694 2423 c.
734 2384 806 2436 55,
847 2386 862 2422 1
905 2399 943 2423 u.
981 2386 1017 2424 d.
1051 2385 1183 2425 Stelle

353 2451 425 2477 aus
449 2438 593 2491 Polyb.
619 2439 643 2491 ξ
677 2441 721 2488 1,
747 2441 830 2489 vgl.
856 2440 958 2479 oben
983 2455 1033 2480 zu
1057 2455 1091 2481 c.
1115 2441 1182 2490 43,

357 2495 390 2533 1.
414 2516 467 2522 -
489 2498 723 2535 semirutas
752 2496 881 2535 findet
901 2498 984 2536 sich
1009 2504 1097 2537 erst
1119 2498 1183 2537 bei

353 2549 509 2589 Livius.
541 2575 593 2579 ——
631 2553 834 2602 secunda,
873 2551 918 2600 2,
956 2553 1027 2601 38,
1069 2554 1103 2592 1.
1126 2576 1182 2582 -

351 2608 475 2658 iraq.,
509 2606 552 2654 2,
585 2607 657 2656 39,
694 2608 756 2646 10.
779 2630 832 2635 —
862 2613 1093 2658 momento,
1116 2609 1180 2648 die

352 2660 785 2711 Kraftanstrengung,
838 2663 902 2701 die
953 2664 1029 2702 den
1072 2666 1181 2702 Aus-

351 2719 490 2768 schlag
520 2718 654 2768 giebt,
687 2719 757 2767 24,
790 2718 861 2765 34,
900 2718 944 2756 2:
983 2719 1184 2771 quidquid

351 2774 494 2814 hostes
524 2777 690 2825 ingenti
717 2774 826 2813 mole
855 2779 1054 2825 agerent,
1094 2778 1182 2828 ipse

347 2830 504 2883 perlevi
525 2834 736 2870 momento
763 2830 1075 2881 ludificaretur3
1116 2831 1181 2877 21,

351 2885 418 2934 43,
440 2887 510 2933 11;
537 2886 602 2934 23,
627 2887 694 2935 24,
718 2887 760 2925 7:
783 2889 995 2926 momento
1011 2886 1088 2925 levi
1106 2890 1182 2925 im-

347 2942 518 2994 pulsam
543 2943 608 2994 42,
633 2942 699 2990 59,
725 2943 772 2991 73
804 2942 968 2991 Madvig
991 2943 1182 2993 verlangt

350 2999 604 3038 molimento.
621 3000 856 3050 —soes-z'an,
880 2999 978 3037 nach
1002 3000 1075 3037 der
1098 3000 1183 3038 An-

349 3054 451 3102 gabe
484 3056 520 3093 in
554 3056 684 3093 einem
714 3055 1020 3104 Calendarium,
1059 3068 1090 3093 s.
1117 3054 1179 3093 ln-

351 3117 473 3162 scptt.
498 3111 586 3149 latt.
612 3125 646 3163 p.
671 3110 751 3150 386
774 3125 812 3150 u.
837 3111 942 3150 Plut.
975 3124 1009 3150 c.
1033 3110 1098 3158 20,
1129 3124 1178 3149 an

349 3166 424 3204 den
449 3166 543 3205 lden
574 3168 659 3216 (13)
685 3168 888 3218 Februar,
918 3168 1018 3206 nach
1041 3167 1180 3206 Ande·

351 3234 436 3271 ren,
460 3235 493 3261 s.
513 3236 546 3262 c.
568 3224 632 3271 55,
657 3224 697 3264 1:
724 3223 817 3273 6,1,
845 3224 904 3273 11,
928 3224 1038 3262 nicht
1060 3223 1179 3274 lange

1278 1995 1378 2032 nach
1391 1993 1535 2033 Osten.
1554 2015 1611 2022 —
1631 1995 1776 2032 castra
1798 1998 1894 2042 etc„
1915 1992 1980 2032 die
1991 1991 2111 2032 Wie-

1277 2050 1604 2100 dergewinnung
1630 2049 1702 2088 des
1727 2048 1896 2099 Goldes,
1918 2061 1951 2088 8.
1976 2061 2010 2088 c.
2032 2048 2110 2098 503

1279 2106 1324 2155 6,
1366 2105 1436 2155 14,
1478 2105 1546 2154 11,
1580 2105 1738 2144 welche
1760 2104 1904 2157 Polyb.
1928 2118 1969 2144 u.
1994 2104 2110 2144 Diod.

1264 2163 1390 2201 'nicht
1419 2162 1664 2212 erw'dbnen,
1701 2161 1856 2201 Sueton
1880 2159 1971 2200 Tib.
1994 2159 2018 2199 3
2047 2161 2112 2200 ei-

1279 2230 1368 2257 nem
1392 2218 1552 2257 Drusus
1582 2217 1888 2267 (wahrscheinl.
1915 2229 1993 2256 vor
2026 2215 2109 2256 470

1277 2287 1315 2314 a.
1339 2276 1394 2324 u.)
1419 2274 1677 2324 zuschreibt,
1714 2273 1770 2313 ist
1793 2274 1882 2313 bier
1904 2272 2109 2323 iibergan-

1277 2343 1369 2381 gen.
1392 2353 1447 2358 —-
1467 2343 1608 2384 recup.
1633 2343 1717 2379 ecc„
1741 2343 1774 2369 s.
1798 2329 1840 2381 6,
1868 2328 1911 2368 11
1930 2359 1940 2378 ,
1964 2329 1989 2368 4
2009 2341 2048 2369 u.
2069 2341 2108 2370 a.

1275 2409 1330 2415 —
1345 2389 1387 2426 in
1410 2388 1571 2436 urbem,
1595 2384 1670 2437 s.§
1694 2385 1731 2434 3,
1754 2386 1855 2424 doch
1878 2385 1934 2424 ist
1956 2384 2108 2424 beson-

1275 2444 1371 2482 ders
1401 2455 1451 2481 an
1484 2444 1555 2481 das
1586 2440 1747 2493 Capitol
1776 2454 1826 2480 zu
1856 2440 2031 2480 denken.
2051 2462 2108 2471 —-

1273 2497 1523 2547 inconditos,
1546 2510 1581 2535 c.
1600 2497 1668 2546 47,
1690 2497 1737 2544 43
1763 2498 1800 2545 4,
1827 2496 1890 2546 13,
1913 2496 1959 2536 4:
1982 2496 2109 2537 kunst

1272 2572 1299 2586 =
1315 2552 1526 2603 formlose,
1549 2552 1662 2602 s.27,
1685 2551 1749 2604 37,
1776 2551 1836 2604 13,
1862 2553 1944 2603 vgl.
1967 2551 2006 2602 3,
2029 2552 2106 2602 293

1274 2610 1319 2657 4,
1359 2609 1412 2648 20
1450 2623 1488 2648 u.
1521 2622 1557 2648 a.
1588 2632 1642 2636 —
1673 2611 1831 2649 iaciunt
1867 2623 1905 2648 n.
1935 2608 2105 2658 milites,

1275 2677 1361 2703 was
1382 2677 1456 2704 aus
1478 2665 1687 2704 nu‘litares
1713 2678 1764 2704 zu
1787 2665 1957 2704 nebmen
1980 2665 2048 2705 ist.

1333 2713 1426 2773 49,
1459 2721 1482 2760 8
1505 2745 1532 2749 -
1554 2716 1640 2760 55.
1681 2719 2011 2761 Wiederaufbau
2030 2721 2106 2761 der

1273 2778 1406 2816 stadt.
1465 2777 1577 2816 Diod.
1617 2777 1686 2826 14,
1719 2777 1820 2825 1163
1852 2777 1960 2818 Plut.
1991 2776 2102 2818 Cam.

1276 2831 1392 2881 31f.;
1436 2833 1539 2873 Zon.
1578 2834 1622 2884 7,
1660 2833 1735 2881 233
1775 2832 1867 2873 Val.
1904 2832 2014 2873 Max.
2067 2834 2103 2886 1,

1276 2890 1313 2937 5,
1348 2889 1382 2928 1.

1329 2943 1366 2983 8.
1406 2947 1624 2998 prohibuit
1644 2948 1769 2998 mig„
1807 2958 1838 2985 s.
1872 2944 1917 2994 3,
1947 2944 2021 2995 28,
2053 2945 2101 2993 7;

1273 3000 1318 3048 6,
1346 3000 1415 3050 18,
1442 3001 1513 3049 14;
1539 3002 1591 3041 ib.
1617 3001 1690 3050 20,
1722 3001 1766 3049 63
1791 3001 1864 3050 25,
1895 3003 1941 3052 4,
1963 3001 2013 3049 4;
2045 3001 2100 3042 ib.

1275 3056 1346 3106 14,
1383 3057 1403 3094 7
1436 3070 1476 3095 u.
1505 3070 1566 3107 a.3
1604 3058 1754 3096 andei-s
1791 3057 1892 3096 oben
1930 3056 1956 3109 ξ
1987 3057 2023 3097 l.
2048 3081 2098 3086 —

1268 3117 1379 3166 post.
1402 3115 1481 3153 inc.
1503 3116 1614 3163 urb„
1637 3114 1685 3152 da
1708 3114 1771 3152 ein
1795 3125 1967 3163 grosser
1982 3112 2103 3154 Theil

1271 3169 1345 3207 der
1375 3168 1497 3208 Plebs
1532 3169 1720 3208 eusdem
1749 3169 1886 3208 Laude
1925 3170 2098 3221 wohnte,

1270 3224 1422 3264 konute
1445 3226 1582 3266 dieses
1604 3226 1712 3265 nicht
1734 3226 1798 3264 ein
1817 3225 2102 3277 Beweggrund
