2221 3537
135 263 169 288 ι.
185 254 253 289 oh.
271 253 349 287 ³07.

765 239 922 281 LlBER
954 238 1006 281 V.
1068 237 1185 281 cAP.
1214 240 1275 280 17.

1793 240 1895 289 295

137 385 192 420 ea
226 368 293 419 ita
325 367 449 419 facta
486 373 601 416 sunt
635 381 691 414 ex
726 373 924 415 senatus
952 364 1192 415 consulto.
1245 365 1513 429 lnterreges
1541 373 1639 415 tres
1667 366 1894 432 deinceps
1933 373 1958 412 4

135 440 282 499 fuere,
308 439 360 489 L.
389 437 602 487 Valerius
624 436 683 494 Q.
706 436 935 485 Servilius
957 436 1162 485 Fidenas
1183 435 1242 483 Μ.
1266 436 1440 484 Furius
1461 437 1702 485 (jarnillus.
1741 452 1894 496 num·
1932 443 1957 482 5

137 523 281 575 quam
313 508 522 558 desitum
560 506 752 555 interim
788 507 972 556 turbari
1006 505 1200 555 comitia
1236 505 1653 569 interpellantibus
1690 508 1895 556 tribunis

133 578 312 646 plebis,
338 577 493 627 donec
517 577 825 626 convenisset
851 577 1004 641 prius,
1035 582 1086 624 ut
1113 575 1269 624 maior
1295 590 1408 639 pars
1438 577 1741 626 tribunorum
1770 578 1894 627 mili-

132 654 236 700 tum
262 664 319 698 ex
345 647 482 712 plebe
507 654 763 696 crearetur.
887 648 1021 706 Quae
1046 646 1162 694 dum
1191 652 1420 708 aguntur,
1451 647 1649 694 concilia
1679 648 1896 697 Etruriae
1933 655 1956 693 6

134 718 192 770 ad
228 718 396 770 fanum
433 717 717 777 Voltumnae
752 717 937 775 habita,
986 716 1446 781 postulantibusque
1483 717 1806 779 Capenatibus
1843 735 1896 767 ac

132 788 359 849 Fallacia,
396 797 449 838 ut
475 788 616 837 Veios
654 788 903 837 communi
936 787 1101 836 animo
1139 787 1442 851 consilioque
1478 801 1649 834 omnes
1679 787 1896 836 Etruriae

130 859 299 925 populi
324 875 381 909 ex
409 858 666 908 obsidione
692 859 952 923 eriperent,
979 873 1276 923 responsum
1303 865 1377 906 est
1401 864 1538 906 antea
1565 874 1617 905 se
1643 857 1688 905 id
1718 858 1895 906 Veien-

130 929 259 980 tibus
285 944 504 994 negasse,
534 929 659 993 quia,
688 930 815 978 unde
843 929 1098 978 consilium
1128 943 1226 977 non
1251 929 1489 993 petissent
1509 943 1657 993 super
1676 935 1805 978 tanta
1828 945 1894 982 re,
1934 935 1955 973 7

132 1000 360 1050 auxilium
397 1006 558 1065 petere
585 1015 685 1048 non
714 1000 966 1049 deberent:
1003 1014 1134 1048 nunc
1160 1000 1251 1048 iam
1280 1015 1369 1063 pro
1398 1014 1449 1046 se
1476 999 1725 1047 fortunam
1755 1015 1894 1048 suam

131 1070 224 1120 iuis
267 1085 457 1135 negare.
519 1070 728 1119 maxime
772 1070 820 1118 in
861 1087 913 1119 ea
949 1077 1084 1135 parte
1118 1070 1336 1119 Etruriae
1374 1076 1567 1132 gentem
1603 1069 1894 1118 invisitatam
1933 1075 1957 1116 8

130 1155 289 1191 novos
323 1141 510 1190 accolas
548 1140 710 1190 Gallos
747 1157 876 1199 esse,
913 1156 1023 1190 cum
1059 1141 1234 1205 quibus
1271 1155 1360 1188 nec
1395 1156 1486 1203 pax
1522 1140 1639 1188 satis
1681 1140 1772 1188 fida
1807 1156 1896 1189 nec

129 1210 306 1261 bellum
334 1228 423 1276 pro
451 1217 583 1260 certo
614 1212 691 1260 sit.
738 1211 958 1274 sanguini
986 1217 1148 1260 tamen
1176 1210 1460 1273 nominique
1488 1217 1533 1258 et
1560 1210 1895 1273 praesentibus
1932 1217 1957 1256 9

130 1281 356 1346 periculis
383 1282 861 1344 consanguineorum
889 1281 935 1328 id
964 1281 1081 1335 dari,
1110 1288 1176 1338 ut,
1206 1281 1245 1329 si
1274 1280 1356 1343 qui
1383 1280 1644 1328 iuventutis
1671 1296 1786 1328 suae
1807 1296 1893 1328 vo-

125 1351 309 1401 luntate
329 1352 388 1401 ad
410 1351 456 1400 id
478 1350 654 1400 bellum
676 1358 801 1410 eant,
823 1365 925 1399 non
946 1350 1212 1415 inpediant.
1258 1365 1367 1399 eum
1390 1365 1620 1413 magnum
1644 1351 1896 1399 advenisse
1937 1356 1986 1395 10

129 1588 336 1618 renovare
354 1578 565 1630 auspicia,
595 1588 629 1615 s.
652 1588 687 1614 c.
719 1574 792 1625 52,
823 1575 870 1625 93
902 1574 968 1627 31,

130 1633 170 1684 7,
192 1632 231 1672 in
249 1632 583 1672 anderemSinne
603 1632 705 1670 wird
729 1632 801 1671 das
826 1631 966 1670 blosse

129 1692 320 1744 repetere
340 1689 582 1739 gebraucht,
605 1700 638 1727 s.
658 1687 697 1736 8,
720 1688 787 1737 30,
811 1687 850 1727 2.
891 1688 966 1727 Die

126 1747 229 1786 vilio
259 1744 496 1794 gewiihlten
521 1744 769 1794 Magistrate
800 1744 964 1783 kiinnen

127 1802 193 1842 die
217 1800 343 1842 wahl
373 1801 447 1841 der
468 1798 723 1851 Nachfolger
754 1801 865 1840 nicht
886 1801 965 1840 lei-

128 1863 213 1910 ten,
234 1870 268 1898 s.
294 1857 453 1898 Becker
474 1856 513 1907 2,
536 1856 572 1907 1,
594 1856 689 1896 308.

184 1913 281 1954 4-8.
311 1917 383 1967 ita,
401 1914 480 1954 wie
499 1913 602 1953 eben
623 1914 877 1964 angedeutet
897 1914 966 1963 ist,

128 1971 233 2011 ohne
253 1974 317 2011 ut.
338 1993 394 2000 —
415 1970 613 2022 desitum,
639 1969 706 2020 34,
727 1970 795 2020 41,
820 1972 866 2014 5;
896 1969 966 2021 42,

127 2027 196 2075 49,
219 2027 259 2077 7,
279 2027 364 2079 vgl.
382 2027 421 2076 4,
443 2026 513 2076 35,
534 2027 573 2067 9.
592 2049 648 2056 -
669 2029 809 2068 comit.
831 2029 965 2067 inter-

125 2083 221 2140 pell.
243 2084 298 2124 ist
319 2097 372 2123 zu
395 2083 644 2133 vei-binden,
676 2096 708 2123 s.
731 2084 777 2132 4,
807 2083 882 2135 43,
915 2083 964 2131 8;

129 2141 209 2191 55,
244 2139 291 2189 43
330 2140 674 2180 wahrscheinlicb
712 2140 866 2180 sollten
899 2141 965 2180 die

129 2195 325 2248 Plebejer
341 2210 419 2236 von
439 2197 514 2236 der
527 2195 652 2236 Wahl
670 2196 965 2247 ausgeschlos-

129 2248 203 2294 seu
235 2254 418 2293 werden.
439 2275 497 2283 —
525 2253 654 2294 donec
684 2266 824 2303 coma,
861 2253 967 2292 viel-

128 2309 258 2350 leicht
290 2323 388 2359 nur,
422 2311 519 2349 dass
551 2311 652 2349 auch
685 2307 752 2348 fiir
775 2309 969 2361 Plebejer

128 2365 327 2407 Stimmen
356 2379 654 2417 angenommen
687 2366 855 2405 werden
880 2366 966 2405 sol-

128 2422 212 2471 len3
231 2423 295 2463 die
306 2425 505 2474 grossere
517 2422 620 2463 Zabl
640 2423 861 2462 derselben
880 2435 969 2462 war

131 2480 258 2519 sehon
288 2480 389 2519 nach
426 2480 472 2532 4,
508 2479 533 2518 6
562 2479 755 2530 moglich.
778 2502 833 2508 —-
856 2479 967 2519 unde

132 2541 229 2586 etc„
254 2549 290 2575 c.
317 2535 352 2576 1.
375 2557 421 2564 -
449 2548 561 2577 nunc
581 2538 684 2586 iam,
700 2535 812 2587 jetzt
835 2536 895 2575 sei
920 2549 965 2575 es

131 2605 178 2632 so
195 2592 293 2632 weit
310 2591 564 2643 gekommen,
584 2593 703 2638 dass3
727 2606 806 2632 nun
826 2605 964 2643 sogar,

131 2662 167 2689 c.
189 2648 235 2699 2,
270 2648 333 2688 10.
358 2671 409 2677 -
430 2661 510 2702 pro
533 2662 600 2698 se,
631 2661 682 2688 an
706 2650 819 2688 ihrer
839 2650 966 2702 Statt,

132 2718 166 2746 s.
192 2705 257 2756 10,
282 2705 344 2757 11,
368 2704 406 2753 2,
436 2705 488 2744 im
512 2704 775 2754 Gegensatze
798 2719 850 2745 zu
872 2720 919 2746 se
938 2730 965 2734 -

130 2775 328 2815 negasse.
372 2760 459 2800 Zur
487 2761 619 2801 Sache
662 2774 696 2800 s.
733 2761 780 2812 4,
822 2761 889 2802 24.
911 2785 966 2792 -

131 2820 332 2867 maxime,
349 2819 518 2869 ger-ade,
537 2818 631 2857 weil
649 2818 713 2857 die
727 2817 886 2858 Gallier
904 2819 966 2858 bis

127 2875 239 2927 jotzt
271 2887 350 2914 nur
371 2875 408 2914 in
433 2875 507 2914 das
532 2874 744 2914 niirdliche
768 2874 965 2915 Etrurien

131 2931 458 2983 eingedrnngen,
477 2931 553 2970 den
573 2931 835 2970 s‘tidlicheren
847 2931 969 2971 Stan-

132 2993 223 3038 ten,
261 2987 437 3041 Falerii,
472 2987 655 3040 Capena,
694 2988 758 3026 die
790 3001 842 3027 zu
872 2986 967 3039 Veji

133 3044 286 3097 hulten,
304 3045 406 3084 noch
420 3045 658 3084 unbekannt
674 3045 780 3091 sind,
800 3044 966 3085 §.Nico

134 3100 181 3142 R.
205 3100 255 3142 G.
280 3101 319 3152 2,
342 3101 446 3149 6343
471 3102 555 3151 vgl.
580 3102 647 3151 28,
676 3101 737 3152 17,
768 3102 812 3140 5:
835 3103 876 3140 in
900 3113 967 3141 re·

128 3159 303 3211 gionem
332 3158 559 3212 Hispaniae
591 3161 802 3207 maxime,
839 3170 922 3210 qua
942 3181 968 3187 —

133 3217 350 3269 spectant;
381 3214 448 3266 36,
472 3215 539 3264 25,
562 3214 600 3254 3.
624 3237 679 3243 -
702 3217 742 3255 in
767 3227 816 3254 ea
837 3227 877 3269 p.
901 3213 967 3255 Ee.

133 3271 261 3312 durch
271 3272 440 3324 sanum
463 3271 725 3312 Voltumnae
746 3272 969 3323 bestimmt,

1059 1576 1132 1615 das
1155 1574 1369 1614 no'rdliche
1395 1573 1605 1620 Etrurien,
1628 1574 1713 1624 vgl.
1737 1574 1803 1625 32,
1827 1574 1895 1624 37,

1060 1631 1103 1671 2:
1144 1636 1360 1671 terrarum
1390 1633 1483 1670 eius
1514 1633 1702 1682 regionis
1739 1634 1893 1679 silium

1059 1688 1132 1737 39,
1156 1688 1235 1737 46,
1259 1688 1307 1735 63
1332 1686 1406 1734 42,
1431 1686 1475 1738 3,
1500 1687 1542 1725 6;
1566 1689 1755 1738 regionis
1777 1689 1891 1736 eius3

1058 1743 1122 1796 38,
1147 1744 1215 1793 47,
1238 1744 1274 1783 9.
1321 1743 1378 1782 Da
1402 1743 1468 1782 die
1492 1742 1654 1782 Gallier
1676 1743 1832 1783 bereits
1856 1745 1893 1783 in

1057 1801 1130 1839 das
1160 1799 1304 1839 fr‘tiher
1335 1812 1413 1839 von
1444 1801 1521 1839 den
1551 1799 1788 1839 Etruskern
1822 1801 1895 1840 be-

1057 1862 1194 1897 setzte
1234 1855 1386 1896 Gebiet
1427 1857 1745 1907 vorgedrungen
1789 1859 1896 1905 sind,

1057 1927 1102 1953 so
1142 1913 1303 1953 kb‘nnen
1333 1914 1393 1952 sie
1423 1913 1589 1952 accolae
1615 1914 1659 1952 in
1689 1927 1738 1953 ea
1770 1917 1896 1967 parle

1057 1969 1150 2010 Etr.
1192 1975 1376 2020 genennt
1417 1971 1606 2019 werden,
1656 1971 1897 2010 Anwohner

1057 2028 1192 2078 derer,
1214 2039 1265 2066 an
1289 2027 1415 2065 deren
1431 2025 1579 2066 Gebiet
1596 2027 1656 2065 sie
1679 2026 1765 2065 sich
1789 2025 1892 2066 sest-

1057 2089 1223 2134 gesetzt
1245 2083 1398 2132 haben,
1421 2083 1502 2133 vgl.
1531 2083 1604 2132 10,
1632 2083 1702 2132 10,
1729 2083 1797 2122 11:
1821 2097 1894 2123 ac-

1057 2140 1170 2180 colas
1206 2141 1288 2179 sibi
1320 2142 1494 2192 quisque
1532 2138 1769 2192 adiungere
1809 2144 1894 2180 lam

1058 2200 1267 2249 efferatae
1291 2199 1435 2248 gentis
1466 2197 1657 2236 homines
1680 2197 1893 2242 horrebat,

1059 2267 1122 2292 wo
1154 2267 1199 2292 es
1229 2254 1385 2292 vorher
1408 2254 1557 2292 heisst:
1588 2256 1636 2292 ut
1664 2255 1706 2291 in
1727 2258 1893 2307 partem

1058 2313 1159 2362 agri
1176 2312 1460 2363 accipiantur3
1491 2308 1575 2358 vgl.
1600 2308 1653 2347 ib.
1682 2308 1751 2360 16,
1781 2309 1829 2358 6,
1854 2309 1894 2359 2,

1059 2367 1106 2413 93
1146 2366 1221 2417 37,
1259 2366 1336 2414 46,
1379 2366 1447 2405 1οε
1487 2364 1623 2405 taedio
1652 2366 1895 2406 accolarum

1061 2422 1295 2470 Gallorum
1324 2422 1367 2469 1,
1393 2424 1437 2471 7,
1461 2423 1505 2461 5:
1530 2420 1671 2461 accola
1691 2425 1782 2462 eius
1802 2422 1895 2462 Ioci.

1059 2480 1226 2529 Madvig
1257 2491 1408 2529 verm,
1445 2479 1542 2518 dass
1572 2479 1636 2517 ein
1661 2477 1895 2518 Infinitivus

1058 2548 1134 2576 vor
1155 2538 1346 2576 maa-ime
1367 2533 1628 2585 ausgesallen
1654 2536 1756 2575 oder
1779 2536 1895 2575 durin

1056 2593 1292 2632 verdorben
1337 2595 1410 2632 sei.
1441 2615 1493 2621 -
1524 2593 1701 2641 invisit„
1742 2605 1777 2632 c.
1814 2592 1893 2639 353

1058 2649 1132 2699 373
1158 2649 1225 2698 27,
1256 2648 1328 2700 39,
1359 2652 1396 2689 8.
1421 2673 1472 2678 -
1493 2662 1573 2703 pro
1595 2652 1711 2688 certo
1735 2661 1799 2688 um
1822 2649 1893 2687 ab·

1058 2706 1323 2746 zuwechseln
1348 2725 1374 2739 =
1396 2709 1535 2746 certa:
1567 2705 1611 2758 S,
1640 2705 1716 2756 36,
1740 2707 1785 2745 3:
1816 2718 1892 2760 pru

1056 2763 1173 2803 haud
1190 2763 1332 2813 dubio,
1356 2763 1438 2812 vgl.
1464 2760 1592 2815 praes.
1618 2762 1657 2801 3.

1115 2822 1175 2859 9-
1193 2821 1254 2859 10.
1297 2821 1503 2872 sanguini
1521 2842 1548 2848 —
1568 2818 1675 2865 dari,
1699 2817 1737 2864 3,
1762 2818 1828 2862 «16,
1854 2818 1893 2856 3.

1057 2900 1102 2905 -
1129 2890 1222 2916 eum
1245 2889 1375 2926 num„
1398 2877 1489 2915 eine
1513 2875 1896 2913 bekannteAttrac·

1058 2934 1158 2986 tion,
1181 2933 1260 2972 wie
1279 2947 1336 2973 em
1358 2947 1404 2971 eo
1426 2944 1617 2978 numero,
1641 2933 1683 2969 in
1707 2945 1755 2969 eo
1775 2943 1891 2970 nimi.

1057 3013 1111 3019 -—
1131 3003 1273 3043 eoque,
1296 2991 1361 3029 die
1380 2989 1554 3027 {iussere
1567 2986 1894 3037 Veranlassnng,

1059 3047 1218 3086 welche
1243 3047 1305 3085 die
1331 3045 1484 3085 Furrht
1515 3042 1778 3093 hervorrnl't,
1816 3044 1893 3082 den

1059 3104 1257 3143 nfichsten
1283 3102 1425 3142 Grund
1447 3102 1519 3139 des
1542 3102 1782 3146 nu‘lescerez
1822 3101 1895 3139 das

1059 3159 1498 3200 Zusammenkommen
1545 3169 1623 3195 von
1675 3158 1892 3196 mehr-eren

1059 3216 1280 3256 Ablativen
1305 3216 1359 3254 ist
1391 3214 1503 3253 nicht
1532 3213 1689 3261 selten,
1713 3226 1745 3252 s.
1770 3226 1804 3252 c.
1827 3212 1894 3259 27,

1059 3272 1106 3321 33
1131 3272 1275 3322 4‚45,
1305 3271 1347 3310 l:
1373 3271 1418 3318 7,
1447 3270 1586 3321 17,3:
1612 3269 1658 3318 83
1684 3269 1758 3317 31,
1788 3270 1893 3321 1,6.
