2221 3537
151 1623 198 1663 11

252 230 349 278 120

855 226 1016 269 LIBER
1044 228 1109 270 111.
1171 229 1287 271 CAP.
1310 230 1377 271 61.

1804 252 1838 276 α.
1863 253 1898 277 ιι.
1923 245 2000 282 305.

246 353 437 402 milibus
473 352 689 401 hostium
718 355 983 417 periculum
1018 357 1137 404 fore.
1195 356 1324 405 nolle
1362 357 1587 416 ominari,
1624 372 1745 422 quae
1769 373 1861 408 nec
1882 360 2000 425 Iup-

245 423 370 486 piter
396 437 485 470 nec
512 423 638 471 Mars
666 431 798 487 pater
825 426 1015 489 passuri
1042 426 1141 474 sint
1165 426 1221 474 iis
1249 426 1476 490 auspiciis
1505 428 1724 477 conditae
1747 429 1856 478 urbi
1875 430 2000 480 acci-

248 493 374 541 dere.

441 493 660 541 Aventini
707 494 936 559 Sacrique
975 496 1155 543 montis
1200 496 1517 556 admonebat,
1559 504 1635 557 ut,
1688 499 1766 548 ubi
1806 498 1998 550 libertas

246 570 381 626 parta
419 571 549 611 esset
575 563 738 626 paucis
775 573 883 612 ante
910 566 1178 622 mensibus,
1206 581 1262 613 eo
1291 566 1545 630 imperium
1573 568 1820 618 inlibatum
1849 571 2000 619 refer-

186 640 210 680 6
248 639 379 689 rent,
414 634 820 696 ostenderentque
864 635 1063 682 eandem
1098 635 1307 684 indolem
1350 637 1580 686 militibus
1615 638 1848 688 Romanis
1883 646 2000 704 post

248 710 442 751 exactos
482 705 781 751 decemviros
818 719 946 759 esse,
974 720 1095 767 quae
1130 713 1240 753 ante
1268 714 1454 755 creatos
1481 707 1647 767 fuerit,
1673 723 1762 757 nec
1787 710 1997 774 aequatis

186 780 208 818 7
246 773 430 836 legibus
459 773 746 821 inminutam
778 774 997 821 virtutem
1028 776 1192 838 populi
1221 775 1424 824 Romani
1453 793 1574 825 esse.
1627 778 1744 826 haec
1768 779 1850 827 ubi
1875 780 2001 829 inter

246 843 380 907 signa
411 845 621 907 peditum
651 845 773 891 dicta
802 844 946 902 dedit,
986 845 1177 894 advolat
1204 846 1375 894 deinde
1402 847 1457 894 ad
1486 847 1696 910 equites:
1726 849 1894 911 ‚‚agite‚
1923 849 1999 900 iu-

244 922 435 969 venes,‘·
463 914 615 976 inquit
642 920 912 975 „praestate
938 915 1108 962 virtute
1129 916 1353 979 peditem,
1381 923 1432 964 ut
1459 917 1644 965 honore
1665 924 1805 981 atque
1831 919 2000 969 ordine

184 990 208 1030 8
247 984 517 1045 praestatis.

587 985 746 1046 primo
785 999 1024 1032 concursu
1062 987 1206 1048 pedes
1243 986 1393 1034 movit
1427 987 1643 1045 hostem,
1682 988 1877 1051 pulsum
1911 1005 1997 1039 vos

243 1053 460 1100 inmissis
497 1054 632 1116 equis
668 1055 838 1116 exigite
873 1071 896 1102 e
933 1070 1121 1118 campo.
1181 1071 1282 1104 non
1319 1056 1627 1105 sustinebunt
1662 1057 1912 1122 impetum,
1950 1065 2000 1108 et

183 1129 207 1168 9
243 1137 376 1170 nunc
409 1131 692 1171 cunctantur
727 1125 876 1187 magis
915 1140 1058 1188 quam
1095 1126 1373 1174 resistunt.“
1427 1128 1671 1176 concitant
1705 1143 1859 1192 equos
1886 1144 1999 1192 per-

244 1193 536 1255 mittuntque
563 1194 609 1240 in
638 1194 825 1242 hostem
856 1195 1063 1257 pedestri
1092 1196 1183 1243 iam
1212 1196 1453 1244 turbatum
1478 1213 1663 1260 pugna3
1689 1205 1735 1246 et
1756 1199 1997 1263 perruptis

244 1264 498 1310 ordinibus
527 1264 631 1310 elati
660 1265 715 1311 ad
745 1265 1060 1313 novissimam
1089 1266 1256 1322 aciem,
1284 1282 1395 1330 pars
1422 1267 1571 1315 libero
1600 1269 1756 1332 spatio
1788 1268 1996 1318 circum-

242 1334 376 1389 vecti,
413 1333 505 1380 iam
544 1334 702 1396 fugam
732 1335 943 1397 undique
973 1345 1281 1399 capessentes
1318 1337 1576 1401 plerosque
1611 1354 1634 1386 a
1664 1338 1833 1387 castris
1860 1355 1996 1388 aver-

156 1412 205 1452 10
242 1409 352 1451 tunt
388 1406 943 1467 praeterequitantesque
979 1406 1262 1455 absterrent.
1324 1407 1538 1474 peditum
1576 1409 1700 1456 acies
1738 1415 1784 1456 et
1820 1410 1993 1459 consul

243 1473 346 1536 ipse
383 1473 548 1536 visque
587 1475 746 1521 omnis
785 1475 887 1522 belli
923 1475 1073 1523 fertur
1110 1476 1158 1524 in
1186 1484 1364 1538 castra,
1402 1478 1652 1541 captisque
1680 1493 1787 1526 cum
1815 1479 1997 1543 ingenti

244 1543 402 1596 caede,
434 1544 612 1590 maiore
640 1545 812 1606 praeda
842 1545 1037 1607 potitur.

384 1612 534 1660 Huius
578 1628 764 1676 pugnae
808 1614 934 1661 fama
971 1615 1148 1678 perlata
1184 1630 1284 1664 non
1326 1616 1375 1664 in
1412 1616 1579 1665 urbem
1617 1617 1791 1679 modo,
1826 1618 1910 1667 sed
1945 1619 1994 1667 in

239 1681 446 1730 Sabinos
469 1683 524 1730 ad
550 1683 750 1731 alterum
774 1685 1050 1740 exercitum,
1072 1685 1118 1732 in
1144 1686 1260 1733 urbe
1281 1685 1452 1735 laetitia
1476 1687 1623 1735 modo
1646 1688 1877 1737 celebrata
1903 1695 1992 1750 est,

152 1758 199 1799 12
236 1752 285 1800 in
323 1753 492 1800 castris
528 1754 717 1801 animos
757 1755 959 1802 militum
998 1756 1052 1803 ad
1083 1756 1417 1804 aemulandum
1448 1757 1594 1804 decus
1621 1758 1851 1806 accendit.
1877 1759 1991 1807 'iam

238 1822 465 1870 Horatius
500 1838 585 1871 cos
623 1825 989 1872 excursionibus
1035 1825 1319 1873 sufficiendo
1359 1827 1655 1891 proeliisque
1691 1827 1870 1877 levibus
1908 1844 1991 1876 ex-

237 1969 291 1975 —-
319 1947 426 1986 nolle
457 1960 550 1999 om.,
578 1960 610 1987 s.
638 1950 671 1998 7,
696 1949 769 1997 30,
793 1948 869 1998 23,
900 1950 964 1988 die
994 1949 1072 1989 Er-

238 2004 442 2052 wa'hnung
480 2005 592 2042 eines
624 2004 859 2053 Ungliickes
890 2007 978 2056 galt
1007 2007 1070 2044 als

237 2059 327 2097 cine
370 2060 489 2098 iibele
534 2060 871 2110 Vorbedeutung,
914 2062 1070 2100 welche

236 2115 427 2153 dasselbe
469 2116 754 2155 herbeissihren
805 2118 972 2157 ko'nnte.
1013 2140 1068 2147 —

233 2172 299 2218 iis,
324 2184 369 2209 so
388 2172 662 2221 gliickliclien‚
681 2174 746 2211 die
763 2174 869 2211 allen
891 2174 1069 2213 bekannt

235 2228 391 2275 waren,
416 2227 488 2276 22,
521 2229 586 2277 30,
617 2230 654 2267 9.
684 2251 739 2258 —-
769 2229 887 2268 Mars
915 2244 972 2283 p.,
1004 2232 1066 2270 als

235 2283 513 2322 Staininvater
564 2286 642 2323 und
693 2286 948 2324 Sehutzherr
997 2288 1069 2326 des

234 2338 404 2387 Volkes,
425 2338 460 2392 8,
479 2342 515 2391 9,
534 2340 576 2379 6:
601 2340 712 2387 lane,
730 2341 933 2396 luppiter,
953 2342 1071 2382 Mars

230 2399 355 2448 pater
377 2403 455 2435 etc.

291 2451 384 2489 7-3.
418 2452 529 2490 dicta
551 2452 602 2503 d.‚
633 2460 750 2492 sonst
780 2455 894 2492 mehr
915 2455 1071 2493 dichte-

234 2506 358 2553 risch,
398 2508 499 2545 aber
541 2522 616 2545 von
658 2508 700 2547 1..
745 2510 956 2548 bisweilen
999 2524 1071 2560 ge-

234 2561 417 2611 hrum-ht,
441 2576 471 2601 s.
498 2563 563 2610 22,
588 2565 652 2613 50,
682 2565 752 2609 1ος
778 2566 813 2609 7,
835 2565 900 2616 33,
929 2567 990 2605 ll.
1016 2588 1069 2594 —

232 2616 380 2656 deiude
417 2620 514 2656 nach
554 2621 681 2657 einem
721 2621 956 2660 N‹·l›e‹1satz
995 2622 1067 2660 mit

233 2674 349 2711 einer
371 2673 658 2725 Zeitpartikel,
684 2688 717 2713 s.
743 2677 807 2723 38,
832 2678 897 2724 30,
921 2678 966 2723 53
999 2677 1064 2725 37,

234 2729 300 2776 52,
337 2730 382 2776 43
421 2730 453 2778 l,
485 2730 521 2776 8,
554 2731 587 2780 7,
620 2731 698 2776 vgl.
733 2732 770 2779 4,
811 2732 877 2781 47,
918 2734 954 2780 2,
992 2746 1064 2781 ge-

233 2786 436 2823 wiihnlich
464 2787 517 2824 ist
547 2786 693 2824 deiude
723 2800 829 2832 cum,
863 2791 935 2826 ubl
961 2802 1062 2828 usw.

232 2863 287 2870 —-
308 2843 493 2889 iuvenes,
510 2843 638 2891 junge
665 2843 875 2890 Patr-ieter,
900 2846 962 2882 (lie
986 2846 1061 2883 den

233 2898 499 2935 ehrenvollen
543 2897 831 2947 l{1·iegsdie1·st
874 2901 1060 2949 <houm-e)

233 2953 295 2991 als
321 2953 455 2992 {mter
478 2955 589 3002 thun,
620 2968 652 2992 s.
686 2969 718 2992 r.
752 2955 817 3003 27,
855 2956 898 3003 l,
930 2959 967 3002 2,
997 2957 1064 3007 20,

239 3010 307 3054 103
333 3008 430 3048 Tac.
456 3012 559 3048 Ann.
585 3010 621 3055 2,
654 3009 728 3057 33;
756 3010 797 3049 L.
831 3012 896 3057 42,
928 3012 994 3061 (il,
1027 3015 1064 3051 5.

232 3087 285 3093 —
316 3066 482 3111 ordine,
522 3065 566 3104 L.
605 3067 731 3105 denkt
766 3079 814 3104 an
854 3069 929 3105 den
962 3069 1064 3108 ordo

232 3126 425 3172 equester
447 3123 522 3160 dei·
544 3124 737 3174 spateren
763 3122 870 3170 Zeit,
902 3137 932 3162 s.
957 3126 995 3173 5,
1029 3125 1064 3172 7,

234 3177 269 3214 7.
294 3199 347 3204 —
369 3182 510 3227 moe-it,
533 3192 566 3217 c.
587 3181 652 3229 oo,
680 3180 748 3218 ll:
772 3180 972 3220 rettulere
990 3194 1064 3234 pe-

231 3232 337 3271 dem.

1219 1950 1344 1990 9—10.
1379 1953 1646 2005 permittunt,
1683 1952 1756 1991 mit
1791 1953 1996 2004 vei-biiug-

1163 2012 1229 2046 ten
1273 2006 1429 2057 Ziigeln
1471 2020 1752 2060 ansprengen,
1801 2009 1876 2048 der
1921 2021 1995 2060 ge-

1163 2064 1390 2102 wo‘hnliche
1421 2064 1640 2102 Ausdruck
1670 2062 1737 2103 ffir-
1763 2064 1840 2104 den
1871 2063 1995 2105 hesti-

1158 2131 1232 2168 gen
1248 2119 1552 2169 Reiterangriffi
1572 2120 1756 2159 Choc.—
1773 2123 1994 2172 resistunt,

1158 2176 1240 2224 vgl.
1273 2174 1371 2214 Tac.
1411 2177 1511 2225 Agr.
1544 2176 1616 2214 34:
1653 2190 1734 2215 non
1769 2179 1988 2226 resistunt,

1158 2231 1234 2270 sed
1261 2231 1511 2284 deprehensi
1537 2235 1650 2272 sunt.
1679 2254 1733 2261 —
1761 2235 1992 2283 turbatum,

1162 2288 1265 2326 ohne
1290 2287 1512 2327 Riicksicht
1532 2286 1606 2326 auf
1623 2301 1655 2326 c.
1679 2288 1744 2338 60,
1772 2289 1841 2327 11:
1863 2290 1992 2328 resti-

1161 2347 1296 2383 tuitur
1330 2356 1487 2397 pugna.
1517 2366 1570 2372 —
1597 2356 1700 2397 pars
1737 2357 1813 2383 nur
1843 2345 1993 2385 einmal

1160 2405 1326 2449 gesetzt
1349 2401 1425 2437 wie
1450 2399 1516 2448 36,
1543 2399 1606 2449 17,
1629 2400 1673 2449 93
1699 2399 1766 2449 43,
1800 2399 1863 2450 18,
1895 2401 1917 2440 7
1949 2414 1989 2440 u.

1160 2467 1212 2502 a.,
1239 2455 1322 2503 vgl.
1354 2468 1387 2492 c.
1420 2455 1485 2501 37,
1526 2454 1571 2497 8:
1611 2468 1696 2494 was
1726 2457 1790 2495 die
1821 2457 1991 2507 iibrigen

1159 2512 1308 2559 gethan
1340 2510 1483 2559 haben,
1515 2512 1615 2550 wird
1642 2513 1750 2551 nicht
1772 2513 1990 2553 berichtet.

1157 2588 1212 2594 —
1233 2569 1395 2606 maiore
1418 2581 1454 2608 n.
1477 2581 1602 2617 quam
1623 2568 1771 2608 caedes
1778 2570 1952 2621 suerat.

1218 2622 1364 2661 11-12.
1399 2625 1438 2661 in
1468 2622 1566 2663 Sub.
1610 2624 1667 2663 ad
1701 2624 1768 2676 aL,
1806 2626 1900 2666 wir:
1938 2637 1990 2665 zu

1158 2679 1245 2717 dem
1276 2681 1453 2717 anderen
1487 2681 1537 2718 im
1561 2680 1869 2732 Sabinerlande‚
1900 2694 1932 2721 s.
1954 2694 1990 2721 c.

1157 2734 1222 2783 35,
1247 2734 1292 2773 8:
1326 2736 1363 2784 5,
1395 2735 1461 2784 51,
1492 2736 1537 2784 93
1568 2749 1618 2775 zu
1649 2736 1715 2784 21,
1745 2736 1811 2786 49,
1843 2736 1888 2784 33
1920 2736 1988 2787 28,

1156 2790 1221 2838 26,
1247 2792 1292 2829 12
1317 2805 1354 2830 u.
1378 2804 1414 2830 a.
1447 2814 1501 2819 —-
1530 2806 1601 2831 eos
1631 2794 1730 2831 nach
1753 2796 1929 2841 animos,
1952 2805 1985 2833 8.

1158 2846 1191 2893 1,
1223 2848 1282 2895 15,
1312 2847 1344 2885 l.
1369 2869 1422 2875 —
1450 2847 1706 2900 sufficiendo
1737 2848 1844 2887 kann
1877 2849 1988 2887 nicht

1154 2903 1261 2940 wohl
1281 2904 1431 2941 anders
1448 2904 1510 2942 als
1526 2904 1788 2957 experiundo
1806 2905 1988 2954 bezogen

1156 2961 1342 3009 werden,
1370 2961 1547 2998 sondern
1573 2960 1727 2998 iniisste
1751 2960 1827 2999 wie
1849 2961 1987 3000 dieses

1156 3016 1220 3052 ein
1256 3015 1386 3054 Mittel
1426 3028 1475 3053 zu
1517 3015 1815 3066 adsuefecerat
1850 3017 1986 3056 Hora-

1157 3073 1239 3108 tius
1269 3071 1503 3118 euthalten3
1533 3073 1852 3112 emm-sionibus
1873 3072 1985 3112 wiire

1157 3127 1259 3163 ‹lann
1294 3127 1412 3165 Dativ
1444 3146 1470 3159 =
1497 3127 1552 3166 ad
1579 3130 1875 3178 excursiones,
1905 3128 1985 3168 und

1154 3183 1530 3233 sa4ffi1,·eremiisste
1550 3184 1769 3223 bedenten:
1794 3196 1985 3223 verwen-

1155 3239 1230 3276 den
1256 3252 1319 3290 zu,
1344 3239 1463 3279 Theil
1487 3240 1654 3279 nehmcn
1673 3240 1809 3279 lassen
1826 3252 1892 3280 an.
1925 3239 1984 3280 Da

1765 3395 1785 3407 N
