2221 3537
282 447 303 459 ,-

290 464 299 485 Ι

280 727 304 767 8

278 941 302 979 9

253 1151 303 1191 10

235 1495 298 1542 41

344 243 445 292 342
911 237 1069 279 LIBER
1099 237 1150 279 V.
1210 237 1328 279 CAP.
1360 237 1428 280 40.
1449 238 1519 279 41.
1895 259 1930 286 a.
1954 260 1990 284 u.
2015 252 2093 286 364.

341 372 515 432 petunt
532 366 778 425 finitimas,
800 365 904 414 sine
921 364 1021 414 ullo
1043 364 1163 414 duce
1183 370 1264 414 aut
1283 379 1542 427 consensu,
1564 379 1702 415 suam
1719 364 1923 430 quisque
1939 380 2096 430 spem,

343 453 430 486 sua
457 437 655 486 consilia
683 435 1027 485 communibus
1049 435 1310 498 deploratis
1331 443 1664 499 exsequentes.
1709 437 1885 484 flamen
1904 436 2097 485 interim

342 507 601 566 Quirinalis
629 506 931 570 virginesque
957 505 1170 554 Vestales
1200 506 1382 553 omissa
1408 521 1570 554 rerum
1597 521 1792 555 suarum
1820 520 1949 564 cura,
1975 520 2096 570 quae

342 592 595 626 sacrorum
641 592 805 625 secum
848 576 1068 633 ferenda,
1116 591 1258 639 quae,
1306 575 1414 638 quia
1449 576 1573 624 vires
1608 576 1667 625 ad
1703 575 1865 624 omnia
1899 575 2097 625 ferenda

341 647 553 705 deerant,
591 646 903 710 relinquenda
938 652 1114 704 essent,
1149 646 1496 704 consultanteS,
1532 646 1696 710 quisve
1729 661 1782 694 ea
1807 645 1943 694 locus
1970 645 2096 694 fideli

339 718 680 766 adservaturus
708 717 926 766 custodia
953 722 1104 773 esset,
1135 716 1373 779 optimum
1403 716 1584 764 ducunt
1610 716 1802 765 condita
1829 715 1879 764 in
1905 715 2095 765 doliolis

340 787 514 836 sacello
542 789 765 852 proximo
793 787 989 836 aedibus
1017 786 1222 834 flaminis
1252 786 1529 844 QuirinaliS,
1559 786 1640 834 ubi
1666 800 1796 834 nunc
1821 785 1993 849 despui
2017 801 2099 835 re-

339 858 451 920 ligio
481 865 575 918 est,
606 857 853 915 defodere,
881 863 1033 904 cetera
1059 855 1183 903 inter
1210 871 1263 904 se
1290 871 1437 904 onere
1463 856 1638 919 partito
1665 855 1826 904 ferunt
1852 855 1947 915 via,
1975 870 2097 919 quae

345 927 546 977 sublicio
582 934 731 990 ponte
765 926 895 975 ducit
919 926 976 974 ad
1006 925 1284 974 Ianiculum.
1335 926 1384 973 in
1412 941 1467 974 eo
1496 925 1614 974 clivo
1641 941 1721 974 eas
1748 940 1857 975 cum
1885 925 1939 974 L.
1964 925 2096 974 Albi-

338 999 464 1055 niuS,
486 998 544 1046 de
562 997 698 1061 plebe
716 997 931 1045 Romana
953 997 1118 1054 hom0,
1140 995 1490 1059 conspexisset,
1518 996 1734 1060 plaustro
1761 996 2016 1059 coniugem
2042 1011 2098 1045 ac

337 1068 518 1117 liberos
552 1068 730 1116 vehens
774 1068 897 1115 inter
930 1072 1138 1115 ceteram
1179 1066 1394 1125 turbam,
1437 1081 1559 1130 quae
1592 1065 1774 1114 inutilis
1818 1065 1940 1114 bello
1976 1065 2096 1115 urbe

339 1137 607 1196 excedebat,
635 1138 764 1186 salvo
793 1137 934 1185 etiam
961 1143 1063 1185 tum
1092 1136 1371 1185 discrimine
1390 1136 1658 1185 divinarum
1679 1136 2097 1201 humanarumque

339 1223 499 1258 rerum
527 1208 804 1271 religiosum
833 1214 964 1256 ratus
992 1207 1269 1255 sacerdotes
1296 1206 1518 1271 publicos
1546 1222 1776 1271 sacraque
1802 1206 1970 1271 populi
1994 1205 2099 1256 Ro-

338 1279 468 1328 mani
503 1279 709 1343 pedibus
746 1278 812 1326 ire
844 1278 1075 1340 ferrique,
1113 1293 1166 1326 se
1192 1293 1246 1326 ac
1272 1292 1389 1326 suos
1416 1279 1465 1326 in
1493 1277 1705 1326 vehiculo
1735 1276 1974 1341 conspici,
2010 1277 2095 1325 de-

337 1349 567 1398 scendere
592 1364 792 1397 uxorem
820 1363 875 1396 ac
894 1363 1071 1412 pueros
1093 1347 1247 1407 iussit,
1275 1347 1480 1410 virgines
1503 1362 1733 1411 sacraque
1752 1347 1802 1395 in
1823 1347 2094 1412 plaustrum

339 1419 557 1484 inposuit
583 1426 629 1467 et
656 1419 812 1476 Caere,
840 1434 933 1482 quo
963 1419 1051 1466 iter
1078 1418 1408 1467 sacerdotibus
1435 1424 1549 1477 erat,
1578 1418 1802 1480 pervexit.

482 1490 667 1538 Romae
705 1489 894 1536 interim
924 1488 1041 1536 satis
1068 1487 1164 1536 iam
1192 1487 1419 1536 omnibus
1447 1494 1500 1536 ut
1525 1487 1575 1535 in
1600 1487 1679 1536 tali
1704 1503 1756 1535 re
1781 1487 1839 1536 ad
1865 1485 2094 1536 tuendam

336 1685 474 1734 deten,
492 1683 607 1733 2,38‚
622 1684 656 1723 1.
675 1706 729 1712 —
747 1686 992 1736 exaequent.
1011 1682 1171 1722 scheint

338 1741 403 1780 ein
428 1740 690 1780 versta'rktes
721 1742 842 1793 sequi
869 1752 919 1778 zu
951 1739 1039 1778 sein
1070 1739 1171 1778 oder

341 1799 397 1836 ist
429 1798 628 1836 zuna'cbst
657 1798 782 1835 durch
815 1795 988 1835 consilia
1016 1807 1171 1835 veran-

336 1854 458 1902 lasst,
489 1853 573 1902 vgl.
594 1852 660 1902 30,
685 1854 723 1903 4,
750 1852 819 1891 10:
850 1854 1014 1905 incepta
1043 1865 1170 1891 exse-

338 1912 428 1961 qui3
454 1909 491 1960 3,
519 1909 583 1959 13,
607 1908 650 1947 3:
681 1922 771 1948 rem
793 1911 1171 1960 eaesequi=pe7·se-

337 1969 428 2018 qui3
454 1967 489 2017 5,
517 1965 581 2014 11,
605 1966 643 2014 5,
681 1965 760 2015 vgl.
783 1965 817 2014 l,
842 1964 908 2012 59,
936 1964 980 2012 13
1007 1963 1174 2014 Madvig

338 2035 465 2061 verm.
489 2024 722 2074 sequentes.

397 2078 518 2117 7-8.
559 2078 716 2128 [lamen
756 2076 932 2126 Quiriti„
973 2075 1047 2114 der
1082 2075 1170 2114 also

339 2134 411 2173 mit
439 2134 529 2172 dem
563 2134 734 2172 Dienste
767 2134 840 2172 der
871 2131 999 2171 Vesta
1029 2132 1066 2170 in
1092 2131 1172 2170 Be-

338 2191 514 2239 ziehung
535 2191 669 2238 stand,
693 2202 725 2228 s.
750 2188 993 2238 Schwegler
1018 2187 1169 2237 1,554,·

339 2246 501 2285 Preller
523 2245 628 2294 327;
653 2245 747 2285 544.
765 2267 820 2273 —
842 2257 986 2285 reram
1008 2258 1059 2294 a.‚
1082 2244 1170 2283 ihre

340 2303 512 2353 eigenen
536 2302 839 2355 perso'nlichen.
863 2323 916 2329 —-
939 2314 1045 2352 quae
1061 2302 1171 2352 -se-

338 2358 489 2408 reuda,
534 2372 567 2398 s.
605 2358 754 2397 Strabo
793 2358 831 2406 5,
862 2357 900 2406 2,
932 2356 954 2394 3
1001 2370 1038 2409 p.
1068 2356 1168 2395 220:

339 2413 522 2454 ἔσωσαν
544 2415 618 2453 καὶ
640 2411 690 2453 τὸ
716 2409 958 2453 ἀθάνατον
980 2413 1074 2465 πῦρ
1096 2412 1171 2452 καὶ

338 2468 418 2515 τὰς
440 2471 517 2522 τῆς
535 2466 714 2515 Ἑστίας
737 2470 914 2524 ἱερείας.
937 2491 984 2496 -
1012 2481 1169 2518 secum,

337 2526 400 2564 als
424 2526 473 2565 ob
495 2540 540 2565 es
565 2528 699 2565 hiesse
718 2528 852 2578 ferre
882 2525 1093 2564 deberent.
1115 2547 1168 2553 —

338 2583 497 2635 quisve:
521 2583 704 2620 welcher
727 2582 805 2620 Ort
826 2587 946 2620 unter
971 2582 1047 2619 den
1073 2593 1170 2619 ver-

339 2639 602 2687 schiedenen,
634 2638 698 2675 die
722 2650 810 2675 man
834 2637 995 2675 wiihlen
1020 2637 1169 2686 ldinne,

339 2694 407 2742 34,
432 2696 470 2746 6,
494 2693 539 2733 3:
577 2696 669 2744 quis
703 2696 866 2739 terram
910 2691 1167 2740 gewo'hnlich

339 2752 450 2789 w‘are
486 2752 558 2802 qui
590 2749 638 2788 l.:
679 2761 764 2787 was
798 2747 865 2787 fiir
895 2749 958 2786 ein
993 2748 1083 2786 Ort.
1114 2769 1169 2775 ——

337 2806 526 2855 aedibus,
557 2817 621 2843 wo
644 2806 780 2844 dieses
802 2804 1026 2854 gestanden
1053 2803 1168 2854 habe,

339 2863 500 2902 scheint
537 2862 648 2900 nicht
678 2861 856 2900 bekannt
884 2872 1076 2910 gewesen
1117 2873 1168 2898 zu

341 2920 453 2966 sein3
493 2917 598 2957 Plut.
629 2917 740 2956 Cam.
771 2917 841 2956 20:
879 2914 932 2954 τὰ
973 2917 1167 2955 πλεῖστα

338 2974 430 3014 τῶν
453 2974 588 3025 ἱερῶν
616 2970 793 3024 κρύψαι
821 2969 935 3012 κατὰ
966 2972 1046 3025 γῆς
1075 2968 1166 3011 ὑπὸ

337 3026 419 3070 τὸν
454 3026 568 3070 νεὼν
602 3029 683 3068 τοῦ
718 3031 937 3083 Κυρίνου,
973 3027 1046 3066 aus
1077 3029 1167 3068 dem

339 3085 589 3137 Quirinalis:
614 3086 713 3124 nach
736 3084 869 3125 Varro
894 3084 937 3124 L.
962 3084 1007 3123 L.
1034 3085 1072 3133 5,
1092 3085 1165 3122 157

339 3155 378 3180 u.
403 3142 450 3181 A.
495 3154 634 3180 waren
672 3142 735 3180 die
775 3141 934 3180 Doliola
971 3138 1045 3179 auf
1078 3142 1166 3179 dem

340 3195 471 3236 sorum
507 3197 711 3248 boarium,
754 3198 792 3236 in
831 3199 904 3235 der
941 3196 1054 3235 Mine
1093 3197 1167 3235 der

340 3253 479 3292 cloaca
501 3255 694 3301 maxima,
723 3255 826 3293 auch
850 3254 915 3292 die
940 3252 1164 3292 Veranlas-

1262 1695 1366 1733 sung
1394 1683 1466 1722 des
1497 1682 1675 1722 Namens
1705 1682 1796 1722 eine
1819 1682 1988 1733 andere,
2019 1682 2094 1721 da·-

1261 1751 1393 1790 gegen
1443 1738 1559 1779 Paul.
1598 1739 1711 1778 Diae.
1749 1751 1785 1791 p.
1824 1737 1897 1777 69:
1939 1737 2093 1779 doliola

1261 1795 1375 1835 locus
1397 1797 1437 1834 ‘in
1461 1797 1565 1835 urbe
1591 1796 1655 1834 sic
1684 1797 1872 1846 vocatus,
1903 1796 2001 1847 quia
2027 1796 2095 1834 in-

1261 1851 1506 1891 vadentibus
1540 1849 1667 1891 Gallis
1704 1853 1850 1891 urbem
1891 1863 2018 1891 sacra
2051 1853 2095 1890 in

1261 1907 1406 1947 eodem
1440 1907 1528 1947 loco
1573 1906 1735 1948 doliolis
1771 1908 1959 1960 reposita
1984 1907 2098 1960 sue-

1262 1967 1383 2014 runt,
1415 1963 1573 2003 Becker
1598 1964 1631 2014 1,
1660 1962 1754 2002 484.
1795 1985 1851 1992 —
1886 1965 1999 2003 inter
2034 1977 2093 2014 se,

1264 2020 1301 2066 2,
1327 2019 1365 2069 6,
1389 2019 1427 2059 3.
1451 2042 1506 2048 —
1525 2022 1710 2074 partito,
1741 2017 1834 2059 Val.
1858 2018 1970 2059 Max.
1995 2018 2031 2071 1,
2059 2019 2095 2072 1,

1266 2076 1337 2115 10:
1361 2089 1486 2116 sacra
1509 2089 1635 2116 onere
1653 2077 1813 2129 partito
1822 2076 2017 2128 ferrent.
2039 2097 2096 2104 ——

1262 2132 1389 2183 ducit,
1421 2145 1453 2171 s.
1478 2132 1515 2185 2,
1539 2132 1605 2182 50,
1638 2133 1710 2181 103
1746 2131 1860 2171 Curt.
1890 2131 1929 2182 3,
1952 2130 2020 2183 28,
2045 2131 2094 2172 19

1261 2202 1301 2228 u.
1325 2201 1377 2239 a.‚
1400 2189 1483 2238 vgl.
1509 2201 1542 2227 c.
1569 2187 1634 2239 28,
1664 2188 1726 2227 10.

1319 2245 1343 2283 9
1360 2268 1387 2272 -
1407 2245 1470 2284 10.
1506 2244 1621 2295 clivo,
1646 2243 1683 2293 3,
1711 2244 1774 2295 18,
1800 2244 1837 2284 7.
1859 2265 1915 2272 ·—
1935 2243 2093 2293 Albin„

1262 2314 1295 2340 s.
1312 2299 1508 2353 Inscrptt.
1530 2300 1601 2339 lat.
1621 2312 1659 2351 p.
1678 2299 1773 2349 285,
1792 2295 1956 2348 XXIV3
1983 2298 2092 2339 Plut.

1272 2353 1486 2408 Ἀλβῖνος;
1513 2356 1626 2396 Flor.
1643 2356 1676 2404 1,
1690 2355 1821 2406 7(13),
1837 2355 1884 2394 12
1901 2357 2092 2396 Atinius.

1261 2436 1315 2441 —
1339 2412 1389 2452 de
1407 2413 1535 2467 plebe,
1557 2411 1596 2461 2,
1620 2410 1686 2462 36,
1708 2412 1743 2451 1.
1765 2433 1819 2440 ·—
1841 2413 1971 2450 etiam
1994 2414 2036 2464 t.,
2059 2424 2094 2451 s.

1265 2469 1436 2508 Einleit.
1459 2468 1501 2507 S.
1527 2467 1590 2506 18.
1619 2490 1674 2495 —
1702 2467 1964 2519 religiosum,
1994 2479 2027 2507 s.
2057 2480 2094 2507 c.

1263 2524 1329 2572 30,
1353 2525 1398 2573 73
1424 2538 1459 2562 c.
1484 2523 1550 2574 52,
1574 2523 1621 2562 8:
1645 2522 1683 2573 2,
1708 2522 1810 2575 5,3;
1835 2523 1873 2571 3,
1896 2523 2029 2574 22,1;
2053 2522 2092 2573 6,

1263 2579 1328 2631 27,
1351 2580 1375 2618 4
1405 2594 1443 2619 u.
1476 2592 1536 2629 a.‚
1569 2580 1652 2630 vgl.
1689 2578 1715 2631 ξ
1752 2578 1775 2618 8
1812 2579 1982 2632 religi03
2019 2580 2092 2619 das

1261 2635 1349 2675 hds.
1379 2635 1669 2688 irreligiosum
1699 2636 1859 2674 scheint
1889 2636 1974 2675 sich
2004 2641 2094 2675 erst

1261 2690 1323 2730 bei
1347 2693 1421 2731 den
1443 2690 1773 2732 liirchenviitern
1797 2705 1848 2730 zu
1871 2691 2018 2731 finden.
2038 2712 2094 2721 —-

1259 2748 1420 2788 sacerd.
1443 2761 1496 2801 p.,
1519 2750 1621 2787 auch
1653 2749 1758 2787 dazu
1780 2749 1926 2798 geho'rt
1942 2746 2095 2802 populi

1260 2803 1322 2855 lt,
1346 2805 1409 2843 die
1434 2804 1705 2844 Vestalinnen
1737 2804 1901 2844 werden
1933 2817 1985 2843 zu
2012 2804 2092 2843 den

1260 2873 1433 2909 grossen
1472 2860 1684 2900 Priestern
1730 2861 1802 2899 des
1839 2865 2092 2910 gesammten

1260 2917 1427 2957 Staates
1465 2918 1702 2967 gerechnet,
1740 2915 1872 2969 Marq.
1903 2915 1943 2966 4,
1983 2914 2089 2963 169;

1259 2973 1364 3012 denn
1387 2986 1436 3013 an
1468 2974 1581 3012 diese
1610 2985 1649 3011 u.
1678 2973 1754 3011 den
1788 2974 1929 3011 namen
1954 2970 2092 3024 Quiri-

1260 3030 1379 3078 nalis,
1399 3030 1510 3068 nicht
1524 3041 1573 3067 an
1592 3028 1926 3068 allesacerdotes
1944 3027 1999 3067 ist
2013 3040 2090 3066 un-

1258 3087 1451 3134 geachtet
1468 3086 1539 3124 des
1557 3084 1827 3134 allgemeinen
1847 3083 2089 3123 Ausdruclrs
2103 3122 2114 3130 „

1258 3154 1308 3180 zu
1332 3141 1507 3189 denken,
1531 3154 1563 3180 s.
1587 3153 1620 3180 c.
1646 3140 1711 3189 50,
1736 3139 1773 3178 3.
1796 3162 1850 3169 -
1883 3138 2025 3189 Caere,
2050 3139 2087 3189 1,

1258 3196 1322 3248 60,
1347 3198 1386 3246 2,
1410 3211 1443 3237 s.
1468 3196 1690 3237 Mommsen
1718 3195 1752 3243 1,
1783 3195 1872 3235 126.

1316 3247 1402 3294 41.
1437 3254 1453 3292 1
1475 3276 1501 3282 -
1519 3253 1557 3292 2.
1603 3256 1664 3304 ut,
1695 3251 2032 3301 beschra'nkend,
2054 3262 2087 3290 s.
