2221 3537
125 237 159 263 ⁸.
185 227 256 266 cb,
281 229 359 264 ιω,
703 215 862 258 LIBER
885 215 951 258 111.
1003 215 1119 257 CAP.
1142 217 1210 257 25.
1236 217 1303 258 20.
1820 220 1881 267 51

133 346 257 399 bello
292 345 686 413 persequebatur.
739 361 849 396 cum
883 345 1134 411 Verginius
1162 343 1371 394 maxime
1397 360 1451 392 ex
1480 344 1685 395 tribunis
1713 346 1771 395 de
1799 345 1941 408 leget

135 425 312 485 ageret,
347 417 497 468 duum
535 432 762 466 mensum
793 417 1005 482 spatium
1041 415 1324 466 consulibus
1362 415 1528 464 datum
1559 424 1632 465 est
1658 418 1715 465 ad
1744 417 1900 481 inspi-

133 487 351 541 ciendam
388 487 564 553 legem,
600 495 651 538 ut
692 503 799 538 cum
823 488 1137 537 edocuissent
1163 486 1425 553 populum,
1463 486 1574 550 quid
1604 486 1786 536 fraudis
1816 504 1898 535 oc-

133 558 286 613 cultae
319 558 547 617 ferretur,
588 559 804 608 sinerent
840 559 1011 608 deinde
1050 559 1332 621 suffragium
1370 556 1505 606 inire.
1559 557 1651 606 hoc
1672 558 1902 607 intervalli

131 630 298 682 datum
324 644 402 680 res
429 630 711 696 tranquillas
738 630 788 679 in
816 630 933 679 urbe
959 630 1082 679 fecit.
1136 645 1225 679 nec
1262 629 1543 678 diuturnam
1573 629 1782 693 quietem
1813 632 1904 678 Ae-
1943 641 1966 678 5

132 701 214 768 qui
250 701 512 762 dederunt,
550 702 628 767 qui
664 709 811 767 rupto
842 702 1064 761 foedere,
1100 701 1230 766 quod
1268 701 1417 749 ictum
1455 706 1554 750 erat
1588 701 1748 764 priore
1776 715 1905 749 anno

134 788 245 825 cum
265 772 518 833 Romani3‚
547 773 806 838 imperium
828 773 885 823 ad
909 773 1180 823 Gracchum
1204 771 1435 821 Cloelium
1459 771 1694 820 deferunt.
1741 771 1781 819 is
1804 778 1904 820 tum

132 845 278 910 longe
319 844 548 910 princeps
592 845 639 894 in
687 845 865 910 Aequis
913 852 1030 894 erat.
1096 843 1315 894 Graccho
1362 843 1482 893 duce
1528 843 1574 891 in
1614 842 1906 892 Labicanum
1946 856 1969 894 6

134 930 320 982 agrum,
349 916 461 966 inde
488 917 536 966 in
567 916 894 966 Tusculanum
919 916 1082 966 hostili
1106 915 1424 981 populatione
1447 915 1656 969 veniunt,
1684 914 1909 978 plenique

134 986 341 1054 praedae
375 987 423 1037 in
451 987 619 1051 Algido
648 995 800 1037 castra
839 988 1012 1037 locant.
1077 987 1122 1036 in
1165 1004 1219 1037 ea
1252 993 1408 1035 castra
1438 986 1493 1045 Q.
1523 984 1700 1034 Fabius
1730 985 1782 1034 P.
1812 985 1908 1033 Vo-

134 1058 348 1110 lumnius
375 1060 430 1108 A.
469 1059 753 1108 Postumius
781 1059 918 1124 legati
940 1060 998 1108 ab
1026 1059 1178 1107 Roma
1205 1064 1439 1107 venerunt
1460 1063 1686 1122 questum
1710 1056 1908 1106 iniurias

134 1136 184 1181 et
207 1146 262 1180 ex
295 1131 383 1194 [eo]
414 1129 608 1179 foedere
631 1134 708 1179 res
736 1131 1009 1195 repetitum.
1061 1146 1145 1178 eos
1175 1132 1454 1194 Aequorum
1479 1130 1761 1193 imperator,
1788 1144 1908 1192 quae
1945 1143 1966 1181 τ

135 1201 360 1252 mandata
395 1201 603 1250 habeant
636 1201 694 1249 ab
722 1207 891 1249 senatu
921 1201 1171 1257 Romano,
1212 1201 1269 1249 ad
1307 1215 1538 1263 quercum
1569 1198 1701 1248 iubet
1727 1198 1906 1248 dicere:

134 1287 186 1322 se
218 1271 309 1322 alia
343 1271 536 1322 interim
564 1278 800 1321 acturum.
855 1287 1061 1336 quercus
1092 1271 1261 1336 ingens
1291 1270 1438 1320 arbor
1466 1271 1712 1335 praetorio
1742 1269 1906 1318 immi--

131 1343 291 1404 nebat,
316 1342 454 1394 cuius
482 1342 653 1392 umbra
683 1358 832 1408 opaca
862 1343 1001 1392 sedes
1029 1349 1145 1392 erat.
1192 1349 1296 1392 tum
1324 1357 1379 1390 ex
1401 1342 1566 1406 legatis
1589 1356 1717 1391 unus
1740 1340 1907 1390 abiens
1947 1358 1970 1397 g

139 1421 221 1475 „et
259 1414 407 1465 haec“
442 1414 599 1479 inquit
635 1420 855 1473 „sacrata
892 1429 1099 1478 quercus
1136 1420 1182 1463 et
1217 1412 1453 1479 quidquid
1490 1413 1694 1461 deorum
1724 1419 1799 1461 est
1824 1427 1910 1462 au-

138 1486 272 1537 diant
295 1485 471 1536 foedus
498 1502 524 1536 a
550 1485 687 1534 vobis
717 1491 931 1550 ruptum,
958 1485 1240 1550 nostrisque
1270 1492 1317 1534 et
1342 1499 1475 1534 nunc
1501 1483 1724 1549 querellis
1752 1483 1913 1533 adsint

137 1563 185 1608 et
218 1572 333 1607 mox
360 1557 534 1615 armiS‚
573 1572 682 1606 cum
711 1557 912 1606 deorum
942 1557 1298 1621 hominumque
1326 1555 1469 1605 simul
1496 1555 1670 1605 violata
1697 1554 1799 1604 iura
1827 1571 1910 1603 ex·

138 1631 447 1694 sequemur.“
513 1628 721 1677 Romam
765 1634 819 1677 ut
863 1628 1046 1677 rediere
1088 1628 1248 1691 legati,
1288 1634 1485 1677 senatus
1531 1627 1673 1676 iussit
1707 1626 1909 1675 alterum
1947 1642 1972 1682 9

138 1699 391 1750 consulem
421 1705 591 1748 contra
627 1698 898 1748 Gracchum
927 1698 973 1747 in
1002 1698 1227 1763 Algidum
1258 1699 1523 1748 exercitum
1553 1698 1750 1757 ducere,
1775 1698 1909 1747 alteri

137 1769 503 1837 populationem
538 1769 705 1819 finium
748 1772 1027 1834 Aequorum
1068 1771 1367 1835 provinciam
1406 1770 1550 1819 dedit.
1602 1768 1783 1818 tribuni
1820 1784 1909 1819 suo

140 1857 279 1891 more
322 1841 557 1906 impedire
600 1841 852 1898 dilectum;
888 1848 934 1890 et
966 1841 1171 1891 forsitan
1208 1842 1263 1891 ad
1302 1842 1525 1891 ultimum
1565 1840 1908 1905 impedissent:

141 1913 227 1963 sed
247 1927 404 1963 novus
427 1912 589 1962 subito
613 1912 803 1962 additus
825 1919 983 1962 terror
1011 1920 1100 1962 est.
1147 1913 1228 1962 Vis
1252 1913 1541 1962 Sabinorum
1566 1913 1735 1976 ingens
1757 1927 1913 1978 prope
1944 1920 2011 1967 Ξῦ

197 2026 308 2068 4-6.
341 2025 486 2078 duum,
510 2039 544 2065 s.
571 2025 605 2075 1,
629 2025 793 2077 43,11;
818 2027 855 2076 7,
880 2026 918 2078 7,
942 2026 981 2066 6.

1074 2027 1120 2075 4,
1144 2027 1217 2067 58:
1239 2027 1327 2068 ilex
1347 2030 1499 2080 nigrae
1505 2028 1660 2080 feraci
1664 2027 1852 2080 frondis
1873 2030 1913 2067 in

136 2083 351 2138 -qm'ds.,
374 2096 407 2124 s.
431 2097 466 2123 c.
493 2082 556 2130 18,
589 2084 634 2123 6:
660 2096 747 2123 was
769 2096 818 2123 an
843 2083 980 2124 Nach-

1072 2084 1252 2137 Algid03
1277 2085 1377 2124 nach
1404 2084 1430 2137 ξ
1449 2084 1493 2124 8:
1516 2088 1702 2132 sacrata,
1728 2098 1762 2124 s.
1789 2084 1825 2136 1,
1853 2084 1915 2123 10.

136 2140 261 2190 then,
283 2140 469 2181 welcher
489 2139 723 2189 Nachtheil,
747 2153 781 2180 s.
805 2141 844 2189 5,
869 2140 908 2190 2,
932 2139 978 2189 83

136 2197 190 2238 ib.
214 2196 288 2248 39,
312 2196 359 2247 6;
383 2195 460 2248 30,
488 2195 548 2249 13,
577 2196 647 2237 13;
671 2198 747 2237 hoc
768 2197 920 2237 solacii
939 2211 978 2237 u.

134 2267 174 2296 a.
195 2256 466 2309 —serretur
488 2254 587 2294 nach
610 2254 745 2307 legem
755 2255 888 2307 serre
909 2267 979 2305 ge-

136 2317 245 2363 sagt.
264 2333 322 2341 —-
343 2310 540 2363 Cloelius,
565 2324 599 2351 s.
628 2311 669 2360 1,
693 2311 768 2350 23:
793 2312 838 2362 4,
862 2312 900 2351 9.
924 2334 977 2340 —

135 2368 408 2420 Labicanum,
431 2381 465 2408 s.
488 2368 527 2419 2,
546 2367 610 2418 39,
629 2368 677 2415 4;
701 2369 766 2408 die
785 2368 906 2408 Stadt
923 2369 978 2408 ist

135 2425 226 2466 also
244 2426 347 2466 noch
363 2426 415 2466 im
427 2425 590 2465 Besitze
607 2425 876 2474 derLatiner,
898 2426 977 2465 wie

137 2481 356 2533 Prineste,
379 2495 413 2523 s.
438 2495 472 2522 c.
497 2482 536 2533 8,
567 2481 592 2522 6
614 2482 697 2534 vgl.
722 2482 761 2534 4,
784 2483 852 2523 45.
896 2483 978 2522 Das

137 2539 282 2580 hdsch.
322 2539 589 2580 Lunai-inum
633 2540 688 2579 ist
731 2540 978 2580 schwerlich

139 2595 307 2648 ricbtig‚
345 2596 395 2636 da
434 2595 481 2636 L.
519 2609 597 2636 nur
625 2596 773 2636 einen
806 2596 897 2648 Zug
928 2610 980 2636 zu

140 2651 350 2693 achildem
362 2653 536 2703 scheint,
547 2654 687 2693 dieser
696 2653 798 2693 aber
807 2667 886 2694 von
900 2653 979 2694 La-

138 2709 219 2750 bici
248 2711 350 2750 nach
380 2708 606 2750 Tusculum
636 2709 738 2749 eben
766 2723 813 2750 so
838 2711 981 2750 natiir·

139 2766 242 2817 lich,
262 2766 325 2806 als
348 2766 469 2806 dahin
500 2779 579 2807 von
605 2765 833 2807 Lanuvium
854 2780 981 2807 uner-

138 2822 319 2864 kliirlich
347 2823 476 2864 wire.
508 2846 562 2852 —
583 2823 717 2877 legati
742 2837 779 2863 n.
803 2821 982 2877 fetiales,

140 2893 175 2921 s.
199 2879 238 2933 1,
266 2878 333 2932 24,
363 2880 412 2929 43
436 2880 489 2921 ib.
514 2880 579 2932 32,
603 2880 642 2919 6.
666 2903 719 2909 -
742 2894 804 2931 eo,
827 2879 982 2921 kiinnte

140 2936 228 2977 sich
249 2934 325 2977 auf
348 2937 421 2978 das
442 2937 469 2991 ᾗ
491 2939 514 2976 5
539 2938 755 2977 erwiihnte
778 2937 981 2977 Biindniss

141 2992 362 3045 bezieben‚
391 2995 450 3035 ist
477 2995 579 3034 aber
610 2995 690 3034 wol
714 3007 787 3034 uus
805 2994 984 3045 foedere

141 3051 404 3092 entstanden.
460 3051 692 3103 Uebrigeus
736 3051 984 3092 wieder-holt

141 3107 227 3148 nich
263 3108 356 3148 bier
392 3109 465 3149 das
496 3122 530 3150 c.
565 3109 587 3149 2
620 3109 842 3149 Erziihlte:
880 3109 980 3148 auch

142 3163 239 3205 dort
266 3165 322 3206 ist
349 3164 502 3207 Fabius
532 3166 633 3206 nach
659 3165 829 3219 Dionys.
853 3165 898 3219 9,
929 3165 983 3205 60

144 3219 395 3263 Gesandter.

200 3277 312 3319 7-9.
343 3292 544 3333 quercus,
573 3293 607 3320 s.
642 3279 738 3320 Hor.
778 3279 911 3320 Carm.
943 3280 981 3330 4,

1071 2143 1242 2190 umbra,
1281 2142 1408 2181 durch
1446 2142 1573 2181 deren
1612 2142 1810 2181 Schatten
1849 2142 1914 2181 ein

1071 2198 1219 2238 kiihler
1236 2198 1369 2249 Plan,
1393 2196 1729 2238 Aufenthaltsort
1745 2199 1793 2238 da
1813 2210 1915 2247 war,

1070 2255 1155 2306 vgl.
1182 2255 1256 2305 40,
1282 2254 1356 2305 22,
1393 2255 1436 2294 3:
1472 2268 1647 2309 opacum
1676 2259 1778 2295 iter:
1810 2254 1914 2294 Plin.

1071 2313 1146 2366 Ep.
1170 2313 1207 2362 5,
1231 2313 1269 2361 6,
1293 2312 1366 2351 33:
1390 2314 1607 2366 cupressis
1625 2315 1786 2364 tegitur
1806 2312 1915 2366 (hip-

1066 2369 1328 2424 podromus),
1348 2368 1544 2409 densiore
1560 2371 1712 2410 umbra
1731 2371 1919 2424 opacior.

1070 2426 1212 2479 sedes,
1243 2427 1337 2466 weil
1361 2427 1436 2466 der
1457 2427 1577 2467 Plutz
1601 2426 1831 2479 uberhaupt
1855 2423 1915 2464 oft

1070 2484 1244 2524 besucht
1273 2496 1373 2523 war.
1398 2507 1451 2512 —
1481 2483 1617 2537 qw'dq.
1643 2483 1784 2535 deor.,
1815 2482 1914 2522 Hor.

1071 2541 1145 2594 Ep.
1179 2541 1225 2591 5,
1260 2540 1276 2580 1
1310 2540 1487 2581 deorum
1518 2540 1721 2594 quidquid
1738 2542 1779 2580 iu
1803 2539 1915 2580 eaelo

1071 2600 1208 2651 regin
1241 2598 1292 2637 im
1323 2596 1423 2649 folg.
1447 2597 1625 2638 deorum
1647 2598 1740 2637 sind
1763 2598 1828 2637 die
1852 2597 1915 2636 bei

1071 2656 1163 2696 dem
1185 2655 1414 2695 Abschluss
1445 2655 1518 2695 des
1544 2655 1705 2694 Bundes
1735 2666 1917 2705 angeru-

1072 2710 1193 2752 fenen
1217 2712 1418 2763 gemeint,
1450 2712 1552 2751 oder
1573 2712 1639 2751 die
1663 2710 1916 2751 Wiederho·

1073 2769 1172 2820 lung
1193 2769 1320 2808 durch
1344 2769 1409 2808 die
1433 2768 1599 2808 Formel
1625 2768 1685 2809 dii
1703 2769 1916 2808 homines-

1073 2840 1151 2879 que
1173 2826 1432 2874 ver-anlasst3
1458 2839 1549 2866 zum
1574 2825 1800 2866 Gedanken
1824 2838 1857 2864 s.
1882 2838 1917 2865 c.

1074 2883 1118 2930 2,
1151 2883 1199 2930 4;
1229 2882 1376 2922 adsint
1404 2883 1459 2922 ist
1488 2884 1525 2922 in
1556 2888 1689 2923 etwas
1719 2884 1915 2922 ander-om

1074 2939 1199 2979 Sinne
1229 2952 1280 2978 zu
1312 2939 1508 2993 querellis
1538 2939 1601 2980 als
1633 2953 1684 2979 zu
1707 2941 1841 2980 armis
1864 2952 1914 2978 zu

1074 2997 1263 3036 nehmen.
1295 3019 1351 3025 —
1369 2999 1558 3051 provinc.
1586 2997 1717 3037 heisst
1739 2997 1828 3036 hier
1849 2997 1914 3035 die

1070 3053 1311 3109 populatio,
1334 3066 1367 3093 8.
1392 3067 1427 3094 c.
1453 3053 1489 3105 2,
1512 3054 1550 3094 2.
1573 3076 1628 3083 —
1648 3053 1797 3102 adult„
1821 3065 1853 3092 s.
1879 3066 1913 3091 c.

1074 3110 1142 3157 64,
1166 3110 1203 3150 8.
1227 3133 1282 3139 --
1303 3109 1392 3161 sed,
1415 3123 1447 3150 s.
1472 3111 1509 3159 2,
1533 3110 1600 3160 39,
1625 3111 1663 3150 7.

1131 3160 1218 3208 26·
1269 3167 1374 3207 1-2.
1422 3167 1638 3217 Sabinou,
1673 3167 1786 3205 diese
1824 3164 1914 3204 sind

1074 3226 1156 3265 seit
1174 3224 1256 3264 466
1273 3236 1309 3264 a.
1329 3223 1418 3273 Ch„
1442 3237 1475 3263 s.
1495 3223 1533 3271 2,
1552 3223 1617 3262 6-1.
1638 3223 1758 3272 ruhig
1774 3234 1915 3273 gewe-

1075 3294 1163 3333 sen,
1179 3281 1290 3333 jetzt
1314 3281 1393 3320 wol
1419 3281 1489 3320 mit
1512 3281 1587 3319 den
1610 3281 1812 3332 Aequern,
1836 3292 1914 3318 von

1517 3350 1578 3390 4.
