<?xml version="1.0" encoding="UTF-8"?>
<!DOCTYPE html PUBLIC "-//W3C//DTD XHTML 1.0 Transitional//EN"
    "http://www.w3.org/TR/xhtml1/DTD/xhtml1-transitional.dtd">
<html xmlns="http://www.w3.org/1999/xhtml" xml:lang="en" lang="en">
 <head>
  <title>
</title>
<meta http-equiv="Content-Type" content="text/html;charset=utf-8" />
  <meta name='ocr-system' content='tesseract 3.04.00' />
  <meta name='ocr-capabilities' content='ocr_page ocr_carea ocr_par ocr_line ocrx_word'/>
</head>
<body>
  <div class='ocr_page' id='page_1' title='image "./aburbeconditali01livy_0345.png"; bbox 0 0 2221 3537; ppageno 0'>
   <div class='ocr_carea' id='block_1_1' title="bbox 38 0 477 185">
    <p class='ocr_par' dir='ltr' id='par_1_1' title="bbox 38 0 477 185">
     <span class='ocr_line' id='line_1_1' title="bbox 226 0 477 37; baseline 0 -21"><span class='ocrx_word' id='word_1_1' title='bbox 226 28 233 37; x_wconf 29' lang='lat'><em>*</em></span> <span class='ocrx_word' id='word_1_2' title='bbox 280 0 388 28; x_wconf 40' lang='lat' dir='ltr'>vfssffi</span> <span class='ocrx_word' id='word_1_3' title='bbox 427 3 430 6; x_wconf 53' lang='lat'>*</span> <span class='ocrx_word' id='word_1_4' title='bbox 471 9 477 16; x_wconf 85' lang='lat'><strong>.</strong></span> 
     </span>
     <span class='ocr_line' id='line_1_2' title="bbox 38 131 105 152; baseline 0 -11"><span class='ocrx_word' id='word_1_5' title='bbox 38 131 57 152; x_wconf 50' lang='grc' dir='ltr'>ς</span> <span class='ocrx_word' id='word_1_6' title='bbox 102 139 105 141; x_wconf 82' lang='grc'>.</span> 
     </span>
     <span class='ocr_line' id='line_1_3' title="bbox 39 155 56 185; baseline 0 0"><span class='ocrx_word' id='word_1_7' title='bbox 39 155 56 185; x_wconf 69' lang='grc'><strong><em>4</em></strong></span> 
     </span>
    </p>
   </div>
   <div class='ocr_carea' id='block_1_2' title="bbox 158 183 1348 232">
    <p class='ocr_par' dir='ltr' id='par_1_2' title="bbox 158 183 1348 232">
     <span class='ocr_line' id='line_1_4' title="bbox 158 183 1348 232; baseline -0.003 0"><span class='ocrx_word' id='word_1_8' title='bbox 158 206 191 232; x_wconf 72' lang='grc' dir='ltr'>ι.</span> <span class='ocrx_word' id='word_1_9' title='bbox 215 196 281 232; x_wconf 71' lang='grc' dir='ltr'>οι».</span> <span class='ocrx_word' id='word_1_10' title='bbox 305 198 381 232; x_wconf 69' lang='lat'><strong>⁴⁸0.</strong></span> <span class='ocrx_word' id='word_1_11' title='bbox 766 184 923 227; x_wconf 74' lang='lat' dir='ltr'>LIBER</span> <span class='ocrx_word' id='word_1_12' title='bbox 946 183 992 227; x_wconf 88' lang='grc'>11.</span> <span class='ocrx_word' id='word_1_13' title='bbox 1054 185 1169 227; x_wconf 77' lang='grc' dir='ltr'><strong>ΟΑΡ.</strong></span> <span class='ocrx_word' id='word_1_14' title='bbox 1193 187 1247 227; x_wconf 77' lang='grc'>46</span> <span class='ocrx_word' id='word_1_15' title='bbox 1280 187 1348 228; x_wconf 76' lang='lat'>⁴7.</span> 
     </span>
    </p>
   </div>
   <div class='ocr_carea' id='block_1_3' title="bbox 1837 194 1939 243">
    <p class='ocr_par' dir='ltr' id='par_1_3' title="bbox 1837 194 1939 243">
     <span class='ocr_line' id='line_1_5' title="bbox 1837 194 1939 243; baseline 0.059 -6"><span class='ocrx_word' id='word_1_16' title='bbox 1837 194 1939 243; x_wconf 77' lang='lat'>319</span> 
     </span>
    </p>
   </div>
   <div class='ocr_carea' id='block_1_4' title="bbox 157 312 2034 2082">
    <p class='ocr_par' dir='ltr' id='par_1_4' title="bbox 157 312 2034 2082">
     <span class='ocr_line' id='line_1_6' title="bbox 160 312 1937 380; baseline 0.002 -15"><span class='ocrx_word' id='word_1_17' title='bbox 160 342 230 352; x_wconf 93' lang='lat'>-—</span> <span class='ocrx_word' id='word_1_18' title='bbox 256 312 402 366; x_wconf 83' lang='lat' dir='ltr'>tertio</span> <span class='ocrx_word' id='word_1_19' title='bbox 430 313 510 364; x_wconf 87' lang='lat' dir='ltr'>hic</span> <span class='ocrx_word' id='word_1_20' title='bbox 534 327 667 363; x_wconf 85' lang='lat' dir='ltr'>anno</span> <span class='ocrx_word' id='word_1_21' title='bbox 695 319 810 363; x_wconf 89' lang='lat' dir='ltr'>ante</span> <span class='ocrx_word' id='word_1_22' title='bbox 837 313 1011 362; x_wconf 78' lang='lat' dir='ltr'>consul</span> <span class='ocrx_word' id='word_1_23' title='bbox 1038 313 1200 362; x_wconf 78' lang='lat' dir='ltr'>fuerat</span> <span class='ocrx_word' id='word_1_24' title='bbox 1220 342 1287 349; x_wconf 88' lang='lat'>—</span> <span class='ocrx_word' id='word_1_25' title='bbox 1312 315 1586 380; x_wconf 81' lang='lat' dir='ltr'>principem</span> <span class='ocrx_word' id='word_1_26' title='bbox 1614 318 1663 367; x_wconf 86' lang='lat' dir='ltr'>in</span> <span class='ocrx_word' id='word_1_27' title='bbox 1685 320 1937 368; x_wconf 81' lang='lat' dir='ltr'>consertos</span> 
     </span>
     <span class='ocr_line' id='line_1_7' title="bbox 161 383 1938 441; baseline 0.003 -8"><span class='ocrx_word' id='word_1_28' title='bbox 161 384 390 437; x_wconf 75' lang='lat' dir='ltr'>Veientes</span> <span class='ocrx_word' id='word_1_29' title='bbox 410 390 613 434; x_wconf 80' lang='lat' dir='ltr'>euntem</span> <span class='ocrx_word' id='word_1_30' title='bbox 634 383 772 433; x_wconf 80' lang='lat' dir='ltr'>ferox</span> <span class='ocrx_word' id='word_1_31' title='bbox 797 383 979 433; x_wconf 78' lang='lat' dir='ltr'>viribus</span> <span class='ocrx_word' id='word_1_32' title='bbox 993 391 1311 433; x_wconf 84' lang='lat' dir='ltr'>etarmorum</span> <span class='ocrx_word' id='word_1_33' title='bbox 1334 394 1436 435; x_wconf 81' lang='lat' dir='ltr'>arte</span> <span class='ocrx_word' id='word_1_34' title='bbox 1455 387 1664 441; x_wconf 81' lang='lat' dir='ltr'>Tuscus.</span> <span class='ocrx_word' id='word_1_35' title='bbox 1688 390 1938 439; x_wconf 87' lang='lat' dir='ltr'>incautum</span> 
     </span>
     <span class='ocr_line' id='line_1_8' title="bbox 159 454 1940 522; baseline 0.002 -17"><span class='ocrx_word' id='word_1_36' title='bbox 159 454 292 508; x_wconf 85' lang='lat' dir='ltr'>inter</span> <span class='ocrx_word' id='word_1_37' title='bbox 310 454 488 506; x_wconf 82' lang='lat' dir='ltr'>multas</span> <span class='ocrx_word' id='word_1_38' title='bbox 512 461 790 503; x_wconf 87' lang='lat' dir='ltr'>versantem</span> <span class='ocrx_word' id='word_1_39' title='bbox 817 454 1035 503; x_wconf 86' lang='lat' dir='ltr'>bostium</span> <span class='ocrx_word' id='word_1_40' title='bbox 1066 470 1259 512; x_wconf 85' lang='lat' dir='ltr'>manus,</span> <span class='ocrx_word' id='word_1_41' title='bbox 1285 455 1442 518; x_wconf 77' lang='lat' dir='ltr'>gladio</span> <span class='ocrx_word' id='word_1_42' title='bbox 1473 473 1557 520; x_wconf 73' lang='lat' dir='ltr'>per</span> <span class='ocrx_word' id='word_1_43' title='bbox 1579 468 1751 522; x_wconf 80' lang='lat' dir='ltr'>pectus</span> <span class='ocrx_word' id='word_1_44' title='bbox 1774 468 1940 509; x_wconf 79' lang='lat' dir='ltr'>trans-</span> 
     </span>
     <span class='ocr_line' id='line_1_9' title="bbox 160 524 1996 595; baseline -0.001 -17"><span class='ocrx_word' id='word_1_45' title='bbox 160 526 289 593; x_wconf 74' lang='lat' dir='ltr'>figit3</span> <span class='ocrx_word' id='word_1_46' title='bbox 315 524 411 575; x_wconf 86' lang='lat' dir='ltr'>telo</span> <span class='ocrx_word' id='word_1_47' title='bbox 434 525 652 574; x_wconf 82' lang='lat' dir='ltr'>extracto</span> <span class='ocrx_word' id='word_1_48' title='bbox 675 540 909 590; x_wconf 79' lang='lat' dir='ltr'>praeceps</span> <span class='ocrx_word' id='word_1_49' title='bbox 937 524 1178 574; x_wconf 81' lang='lat' dir='ltr'>Fabiusin</span> <span class='ocrx_word' id='word_1_50' title='bbox 1191 525 1370 574; x_wconf 81' lang='lat' dir='ltr'>vulnus</span> <span class='ocrx_word' id='word_1_51' title='bbox 1391 525 1524 574; x_wconf 85' lang='lat' dir='ltr'>abiit.</span> <span class='ocrx_word' id='word_1_52' title='bbox 1554 530 1710 577; x_wconf 68' lang='lat' dir='ltr'>sens-it</span> <span class='ocrx_word' id='word_1_53' title='bbox 1733 539 1940 595; x_wconf 79' lang='lat' dir='ltr'>utraque</span> <span class='ocrx_word' id='word_1_54' title='bbox 1973 539 1996 576; x_wconf 85' lang='lat'><strong>5</strong></span> 
     </span>
     <span class='ocr_line' id='line_1_10' title="bbox 157 595 1939 660; baseline 0.001 -13"><span class='ocrx_word' id='word_1_55' title='bbox 157 595 287 649; x_wconf 81' lang='lat' dir='ltr'>acies</span> <span class='ocrx_word' id='word_1_56' title='bbox 313 595 460 645; x_wconf 87' lang='lat' dir='ltr'>unius</span> <span class='ocrx_word' id='word_1_57' title='bbox 483 595 571 644; x_wconf 90' lang='lat' dir='ltr'>viri</span> <span class='ocrx_word' id='word_1_58' title='bbox 590 612 776 652; x_wconf 86' lang='lat' dir='ltr'>casum,</span> <span class='ocrx_word' id='word_1_59' title='bbox 799 596 1100 660; x_wconf 75' lang='lat' dir='ltr'>cedebatque</span> <span class='ocrx_word' id='word_1_60' title='bbox 1120 595 1236 644; x_wconf 84' lang='lat' dir='ltr'>inde</span> <span class='ocrx_word' id='word_1_61' title='bbox 1259 596 1528 654; x_wconf 78' lang='lat' dir='ltr'>Romanus,</span> <span class='ocrx_word' id='word_1_62' title='bbox 1549 615 1658 646; x_wconf 85' lang='lat' dir='ltr'>cum</span> <span class='ocrx_word' id='word_1_63' title='bbox 1685 600 1743 647; x_wconf 73' lang='lat' dir='ltr'>M.</span> <span class='ocrx_word' id='word_1_64' title='bbox 1763 601 1939 650; x_wconf 75' lang='lat' dir='ltr'>Fabius</span> 
     </span>
     <span class='ocr_line' id='line_1_11' title="bbox 158 666 1933 731; baseline 0.001 -14"><span class='ocrx_word' id='word_1_65' title='bbox 158 666 331 717; x_wconf 82' lang='lat' dir='ltr'>consul</span> <span class='ocrx_word' id='word_1_66' title='bbox 369 666 620 716; x_wconf 81' lang='lat' dir='ltr'>transiluit</span> <span class='ocrx_word' id='word_1_67' title='bbox 653 667 856 716; x_wconf 87' lang='lat' dir='ltr'>iacentis</span> <span class='ocrx_word' id='word_1_68' title='bbox 892 683 1070 731; x_wconf 76' lang='lat' dir='ltr'>corpus</span> <span class='ocrx_word' id='word_1_69' title='bbox 1106 667 1394 731; x_wconf 85' lang='lat' dir='ltr'>obiectaque</span> <span class='ocrx_word' id='word_1_70' title='bbox 1431 683 1600 731; x_wconf 78' lang='lat' dir='ltr'>parma</span> <span class='ocrx_word' id='word_1_71' title='bbox 1639 670 1763 722; x_wconf 76' lang='lat' dir='ltr'>„boc</span> <span class='ocrx_word' id='word_1_72' title='bbox 1804 672 1933 719; x_wconf 87' lang='lat' dir='ltr'>iura-</span> 
     </span>
     <span class='ocr_line' id='line_1_12' title="bbox 158 736 1999 803; baseline -0.002 -14"><span class='ocrx_word' id='word_1_73' title='bbox 158 737 284 789; x_wconf 81' lang='lat' dir='ltr'>stis“</span> <span class='ocrx_word' id='word_1_74' title='bbox 325 736 502 803; x_wconf 88' lang='lat' dir='ltr'>inquit,</span> <span class='ocrx_word' id='word_1_75' title='bbox 540 737 794 796; x_wconf 80' lang='lat' dir='ltr'>,‚milite5,</span> <span class='ocrx_word' id='word_1_76' title='bbox 832 738 1076 800; x_wconf 76' lang='lat' dir='ltr'>fugientes</span> <span class='ocrx_word' id='word_1_77' title='bbox 1104 754 1189 786; x_wconf 85' lang='lat' dir='ltr'>vos</span> <span class='ocrx_word' id='word_1_78' title='bbox 1218 738 1265 786; x_wconf 88' lang='lat' dir='ltr'>in</span> <span class='ocrx_word' id='word_1_79' title='bbox 1305 746 1460 787; x_wconf 80' lang='lat' dir='ltr'>castra</span> <span class='ocrx_word' id='word_1_80' title='bbox 1490 740 1771 788; x_wconf 78' lang='lat' dir='ltr'>redituros?</span> <span class='ocrx_word' id='word_1_81' title='bbox 1821 742 1940 789; x_wconf 86' lang='lat' dir='ltr'>adeo</span> <span class='ocrx_word' id='word_1_82' title='bbox 1975 753 1999 786; x_wconf 71' lang='lat' dir='ltr'>o</span> 
     </span>
     <span class='ocr_line' id='line_1_13' title="bbox 158 808 1939 874; baseline 0.001 -15"><span class='ocrx_word' id='word_1_83' title='bbox 158 808 499 873; x_wconf 81' lang='lat' dir='ltr'>ignavissimos</span> <span class='ocrx_word' id='word_1_84' title='bbox 526 809 683 858; x_wconf 89' lang='lat' dir='ltr'>hostis</span> <span class='ocrx_word' id='word_1_85' title='bbox 713 809 866 870; x_wconf 80' lang='lat' dir='ltr'>magis</span> <span class='ocrx_word' id='word_1_86' title='bbox 895 809 1080 857; x_wconf 80' lang='lat' dir='ltr'>timetis</span> <span class='ocrx_word' id='word_1_87' title='bbox 1109 824 1255 872; x_wconf 82' lang='lat' dir='ltr'>quam</span> <span class='ocrx_word' id='word_1_88' title='bbox 1291 809 1450 857; x_wconf 74' lang='lat' dir='ltr'>lovem</span> <span class='ocrx_word' id='word_1_89' title='bbox 1482 810 1813 874; x_wconf 71' lang='lat' dir='ltr'>Martemque,</span> <span class='ocrx_word' id='word_1_90' title='bbox 1854 826 1939 874; x_wconf 80' lang='lat' dir='ltr'>per</span> 
     </span>
     <span class='ocr_line' id='line_1_14' title="bbox 159 878 1937 946; baseline 0 -16"><span class='ocrx_word' id='word_1_91' title='bbox 159 895 285 946; x_wconf 86' lang='lat' dir='ltr'>quos</span> <span class='ocrx_word' id='word_1_92' title='bbox 313 878 549 929; x_wconf 74' lang='lat' dir='ltr'>iurastis?</span> <span class='ocrx_word' id='word_1_93' title='bbox 577 888 625 929; x_wconf 91' lang='lat' dir='ltr'>at</span> <span class='ocrx_word' id='word_1_94' title='bbox 653 896 741 944; x_wconf 83' lang='lat' dir='ltr'>ego</span> <span class='ocrx_word' id='word_1_95' title='bbox 770 880 1014 929; x_wconf 80' lang='lat' dir='ltr'><strong>iniuratus</strong></span> <span class='ocrx_word' id='word_1_96' title='bbox 1036 888 1118 928; x_wconf 92' lang='lat' dir='ltr'>aut</span> <span class='ocrx_word' id='word_1_97' title='bbox 1141 881 1293 929; x_wconf 74' lang='lat' dir='ltr'>victor</span> <span class='ocrx_word' id='word_1_98' title='bbox 1321 889 1555 937; x_wconf 85' lang='lat' dir='ltr'>revertar,</span> <span class='ocrx_word' id='word_1_99' title='bbox 1584 890 1667 930; x_wconf 86' lang='lat' dir='ltr'>aut</span> <span class='ocrx_word' id='word_1_100' title='bbox 1703 898 1853 946; x_wconf 80' lang='lat' dir='ltr'>prope</span> <span class='ocrx_word' id='word_1_101' title='bbox 1891 890 1937 930; x_wconf 87' lang='lat' dir='ltr'>te</span> 
     </span>
     <span class='ocr_line' id='line_1_15' title="bbox 162 950 1940 1010; baseline 0 -9"><span class='ocrx_word' id='word_1_102' title='bbox 162 951 256 1010; x_wconf 90' lang='lat' dir='ltr'>hic,</span> <span class='ocrx_word' id='word_1_103' title='bbox 287 950 473 1010; x_wconf 86' lang='lat' dir='ltr'>Quinte</span> <span class='ocrx_word' id='word_1_104' title='bbox 502 951 636 1010; x_wconf 82' lang='lat' dir='ltr'>Fabi,</span> <span class='ocrx_word' id='word_1_105' title='bbox 663 952 906 1001; x_wconf 80' lang='lat' dir='ltr'>dimicans</span> <span class='ocrx_word' id='word_1_106' title='bbox 934 951 1153 1000; x_wconf 81' lang='lat' dir='ltr'>cadam.“</span> <span class='ocrx_word' id='word_1_107' title='bbox 1208 952 1398 1000; x_wconf 82' lang='lat' dir='ltr'>consuli</span> <span class='ocrx_word' id='word_1_108' title='bbox 1437 960 1541 1000; x_wconf 91' lang='lat' dir='ltr'>tum</span> <span class='ocrx_word' id='word_1_109' title='bbox 1582 954 1734 1001; x_wconf 70' lang='lat' dir='ltr'>(laeso</span> <span class='ocrx_word' id='word_1_110' title='bbox 1763 952 1940 1002; x_wconf 82' lang='lat' dir='ltr'>Fabius</span> 
     </span>
     <span class='ocr_line' id='line_1_16' title="bbox 158 1022 1941 1089; baseline 0.001 -17"><span class='ocrx_word' id='word_1_111' title='bbox 158 1022 339 1089; x_wconf 86' lang='lat' dir='ltr'>prioris</span> <span class='ocrx_word' id='word_1_112' title='bbox 366 1023 483 1072; x_wconf 92' lang='lat' dir='ltr'>anni</span> <span class='ocrx_word' id='word_1_113' title='bbox 512 1024 709 1072; x_wconf 83' lang='lat' dir='ltr'>consul:</span> <span class='ocrx_word' id='word_1_114' title='bbox 741 1023 999 1081; x_wconf 74' lang='lat' dir='ltr'>„verbisne</span> <span class='ocrx_word' id='word_1_115' title='bbox 1019 1022 1142 1076; x_wconf 81' lang='lat' dir='ltr'>istis,</span> <span class='ocrx_word' id='word_1_116' title='bbox 1173 1022 1339 1078; x_wconf 79' lang='lat' dir='ltr'>frater,</span> <span class='ocrx_word' id='word_1_117' title='bbox 1370 1029 1422 1069; x_wconf 82' lang='lat' dir='ltr'>ut</span> <span class='ocrx_word' id='word_1_118' title='bbox 1445 1031 1683 1086; x_wconf 79' lang='lat' dir='ltr'>pugnent,</span> <span class='ocrx_word' id='word_1_119' title='bbox 1714 1031 1759 1071; x_wconf 80' lang='lat' dir='ltr'>te</span> <span class='ocrx_word' id='word_1_120' title='bbox 1783 1023 1941 1088; x_wconf 87' lang='lat' dir='ltr'>impe-</span> 
     </span>
     <span class='ocr_line' id='line_1_17' title="bbox 160 1092 1995 1158; baseline 0 -15"><span class='ocrx_word' id='word_1_121' title='bbox 160 1100 407 1143; x_wconf 87' lang='lat' dir='ltr'>traturum</span> <span class='ocrx_word' id='word_1_122' title='bbox 436 1092 636 1142; x_wconf 70' lang='lat' dir='ltr'>crvdis?</span> <span class='ocrx_word' id='word_1_123' title='bbox 662 1094 727 1142; x_wconf 90' lang='lat' dir='ltr'>dii</span> <span class='ocrx_word' id='word_1_124' title='bbox 757 1093 1108 1158; x_wconf 85' lang='lat' dir='ltr'>impetrabunt,</span> <span class='ocrx_word' id='word_1_125' title='bbox 1138 1108 1226 1157; x_wconf 79' lang='lat' dir='ltr'>per</span> <span class='ocrx_word' id='word_1_126' title='bbox 1247 1109 1372 1158; x_wconf 79' lang='lat' dir='ltr'>quos</span> <span class='ocrx_word' id='word_1_127' title='bbox 1403 1094 1647 1149; x_wconf 75' lang='lat' dir='ltr'>iuravere3</span> <span class='ocrx_word' id='word_1_128' title='bbox 1676 1103 1721 1142; x_wconf 80' lang='lat' dir='ltr'>ct</span> <span class='ocrx_word' id='word_1_129' title='bbox 1752 1111 1861 1153; x_wconf 80' lang='lat' dir='ltr'>nos,</span> <span class='ocrx_word' id='word_1_130' title='bbox 1890 1102 1943 1144; x_wconf 88' lang='lat' dir='ltr'>ut</span> <span class='ocrx_word' id='word_1_131' title='bbox 1974 1100 1995 1138; x_wconf 75' lang='grc'><strong>7</strong></span> 
     </span>
     <span class='ocr_line' id='line_1_18' title="bbox 159 1163 1943 1230; baseline 0.001 -17"><span class='ocrx_word' id='word_1_132' title='bbox 159 1164 298 1214; x_wconf 87' lang='lat' dir='ltr'>decet</span> <span class='ocrx_word' id='word_1_133' title='bbox 326 1179 573 1229; x_wconf 82' lang='lat' dir='ltr'>proceres,</span> <span class='ocrx_word' id='word_1_134' title='bbox 603 1173 654 1214; x_wconf 93' lang='lat' dir='ltr'>ut</span> <span class='ocrx_word' id='word_1_135' title='bbox 685 1163 834 1213; x_wconf 80' lang='lat' dir='ltr'>Fabio</span> <span class='ocrx_word' id='word_1_136' title='bbox 864 1164 1065 1214; x_wconf 90' lang='lat' dir='ltr'>nomine</span> <span class='ocrx_word' id='word_1_137' title='bbox 1093 1171 1169 1212; x_wconf 91' lang='lat' dir='ltr'>est</span> <span class='ocrx_word' id='word_1_138' title='bbox 1207 1165 1438 1228; x_wconf 79' lang='lat' dir='ltr'>dignum,</span> <span class='ocrx_word' id='word_1_139' title='bbox 1473 1165 1738 1229; x_wconf 74' lang='lat' dir='ltr'>pugnando</span> <span class='ocrx_word' id='word_1_140' title='bbox 1779 1166 1943 1230; x_wconf 81' lang='lat' dir='ltr'>potius</span> 
     </span>
     <span class='ocr_line' id='line_1_19' title="bbox 161 1235 1942 1301; baseline 0.001 -16"><span class='ocrx_word' id='word_1_141' title='bbox 161 1250 307 1301; x_wconf 88' lang='lat' dir='ltr'>quam</span> <span class='ocrx_word' id='word_1_142' title='bbox 336 1236 643 1284; x_wconf 83' lang='lat' dir='ltr'>adhortando</span> <span class='ocrx_word' id='word_1_143' title='bbox 666 1236 994 1284; x_wconf 80' lang='lat' dir='ltr'>accendamus</span> <span class='ocrx_word' id='word_1_144' title='bbox 1020 1235 1230 1284; x_wconf 84' lang='lat' dir='ltr'>militum</span> <span class='ocrx_word' id='word_1_145' title='bbox 1261 1236 1507 1284; x_wconf 77' lang='lat' dir='ltr'>ani1nos.“</span> <span class='ocrx_word' id='word_1_146' title='bbox 1553 1237 1621 1284; x_wconf 77' lang='lat' dir='ltr'>sic</span> <span class='ocrx_word' id='word_1_147' title='bbox 1651 1237 1699 1284; x_wconf 89' lang='lat' dir='ltr'>in</span> <span class='ocrx_word' id='word_1_148' title='bbox 1730 1237 1942 1301; x_wconf 79' lang='lat' dir='ltr'>primum</span> 
     </span>
     <span class='ocr_line' id='line_1_20' title="bbox 158 1305 1943 1370; baseline 0.001 -15"><span class='ocrx_word' id='word_1_149' title='bbox 158 1305 352 1355; x_wconf 80' lang='lat' dir='ltr'>infestis</span> <span class='ocrx_word' id='word_1_150' title='bbox 390 1307 545 1355; x_wconf 88' lang='lat' dir='ltr'>hastis</span> <span class='ocrx_word' id='word_1_151' title='bbox 574 1306 831 1370; x_wconf 80' lang='lat' dir='ltr'>provolant</span> <span class='ocrx_word' id='word_1_152' title='bbox 868 1307 965 1355; x_wconf 91' lang='lat' dir='ltr'>duo</span> <span class='ocrx_word' id='word_1_153' title='bbox 994 1306 1154 1362; x_wconf 85' lang='lat' dir='ltr'>Fabii,</span> <span class='ocrx_word' id='word_1_154' title='bbox 1193 1312 1446 1370; x_wconf 86' lang='lat' dir='ltr'>totamque</span> <span class='ocrx_word' id='word_1_155' title='bbox 1487 1315 1749 1356; x_wconf 72' lang='lat' dir='ltr'>moverunt</span> <span class='ocrx_word' id='word_1_156' title='bbox 1775 1323 1943 1357; x_wconf 87' lang='lat' dir='ltr'>secum</span> 
     </span>
     <span class='ocr_line' id='line_1_21' title="bbox 157 1376 2034 1441; baseline 0.003 -15"><span class='ocrx_word' id='word_1_157' title='bbox 157 1377 332 1426; x_wconf 82' lang='lat' dir='ltr'>aciem.</span> <span class='ocrx_word' id='word_1_158' title='bbox 374 1376 563 1426; x_wconf 87' lang='lat' dir='ltr'>Proelio</span> <span class='ocrx_word' id='word_1_159' title='bbox 586 1393 643 1425; x_wconf 86' lang='lat' dir='ltr'>ex</span> <span class='ocrx_word' id='word_1_160' title='bbox 671 1384 807 1441; x_wconf 85' lang='lat' dir='ltr'>parte</span> <span class='ocrx_word' id='word_1_161' title='bbox 832 1393 927 1426; x_wconf 91' lang='lat' dir='ltr'>una</span> <span class='ocrx_word' id='word_1_162' title='bbox 960 1377 1190 1426; x_wconf 85' lang='lat' dir='ltr'>restituto</span> <span class='ocrx_word' id='word_1_163' title='bbox 1222 1377 1375 1426; x_wconf 82' lang='lat' dir='ltr'>nihilo</span> <span class='ocrx_word' id='word_1_164' title='bbox 1399 1378 1604 1441; x_wconf 75' lang='lat' dir='ltr'>segnius</span> <span class='ocrx_word' id='word_1_165' title='bbox 1626 1378 1674 1426; x_wconf 90' lang='lat' dir='ltr'>in</span> <span class='ocrx_word' id='word_1_166' title='bbox 1698 1394 1855 1427; x_wconf 88' lang='lat' dir='ltr'>cornu</span> <span class='ocrx_word' id='word_1_167' title='bbox 1876 1378 1944 1428; x_wconf 87' lang='lat' dir='ltr'>al-</span> <span class='ocrx_word' id='word_1_168' title='bbox 1973 1385 2034 1431; x_wconf 72' lang='grc'>41</span> 
     </span>
     <span class='ocr_line' id='line_1_22' title="bbox 160 1446 1944 1513; baseline 0.001 -16"><span class='ocrx_word' id='word_1_169' title='bbox 160 1454 267 1498; x_wconf 85' lang='lat' dir='ltr'>tero</span> <span class='ocrx_word' id='word_1_170' title='bbox 295 1448 382 1497; x_wconf 89' lang='lat' dir='ltr'>Cn.</span> <span class='ocrx_word' id='word_1_171' title='bbox 411 1447 619 1496; x_wconf 85' lang='lat' dir='ltr'>Manlius</span> <span class='ocrx_word' id='word_1_172' title='bbox 658 1448 830 1496; x_wconf 90' lang='lat' dir='ltr'>consul</span> <span class='ocrx_word' id='word_1_173' title='bbox 877 1463 1091 1513; x_wconf 84' lang='lat' dir='ltr'>pugnam</span> <span class='ocrx_word' id='word_1_174' title='bbox 1125 1446 1307 1501; x_wconf 84' lang='lat' dir='ltr'>ciebat,</span> <span class='ocrx_word' id='word_1_175' title='bbox 1346 1448 1428 1496; x_wconf 89' lang='lat' dir='ltr'>ubi</span> <span class='ocrx_word' id='word_1_176' title='bbox 1460 1465 1612 1513; x_wconf 76' lang='lat' dir='ltr'>prope</span> <span class='ocrx_word' id='word_1_177' title='bbox 1641 1449 1814 1498; x_wconf 87' lang='lat' dir='ltr'>similis</span> <span class='ocrx_word' id='word_1_178' title='bbox 1842 1452 1944 1498; x_wconf 78' lang='lat' dir='ltr'>for·</span> 
     </span>
     <span class='ocr_line' id='line_1_23' title="bbox 159 1519 2003 1577; baseline -0.002 -9"><span class='ocrx_word' id='word_1_179' title='bbox 159 1525 278 1569; x_wconf 87' lang='lat' dir='ltr'>tuna</span> <span class='ocrx_word' id='word_1_180' title='bbox 306 1526 382 1568; x_wconf 85' lang='lat' dir='ltr'>est</span> <span class='ocrx_word' id='word_1_181' title='bbox 409 1526 617 1568; x_wconf 86' lang='lat' dir='ltr'>versata.</span> <span class='ocrx_word' id='word_1_182' title='bbox 670 1533 783 1568; x_wconf 91' lang='lat' dir='ltr'>nam</span> <span class='ocrx_word' id='word_1_183' title='bbox 815 1525 868 1568; x_wconf 91' lang='lat' dir='ltr'>ut</span> <span class='ocrx_word' id='word_1_184' title='bbox 894 1520 1047 1569; x_wconf 87' lang='lat' dir='ltr'>altero</span> <span class='ocrx_word' id='word_1_185' title='bbox 1076 1519 1124 1567; x_wconf 90' lang='lat' dir='ltr'>in</span> <span class='ocrx_word' id='word_1_186' title='bbox 1152 1533 1309 1568; x_wconf 83' lang='lat' dir='ltr'>cornu</span> <span class='ocrx_word' id='word_1_187' title='bbox 1337 1520 1393 1577; x_wconf 82' lang='lat' dir='ltr'>Q.</span> <span class='ocrx_word' id='word_1_188' title='bbox 1423 1520 1649 1575; x_wconf 80' lang='lat' dir='ltr'>Fabium,</span> <span class='ocrx_word' id='word_1_189' title='bbox 1678 1520 1747 1569; x_wconf 84' lang='lat' dir='ltr'>sic</span> <span class='ocrx_word' id='word_1_190' title='bbox 1776 1520 1825 1568; x_wconf 92' lang='lat' dir='ltr'>in</span> <span class='ocrx_word' id='word_1_191' title='bbox 1855 1521 1946 1569; x_wconf 91' lang='lat' dir='ltr'>hoc</span> <span class='ocrx_word' id='word_1_192' title='bbox 1979 1525 2003 1565; x_wconf 89' lang='lat'>2</span> 
     </span>
     <span class='ocr_line' id='line_1_24' title="bbox 158 1589 1949 1655; baseline 0.001 -16"><span class='ocrx_word' id='word_1_193' title='bbox 158 1589 322 1655; x_wconf 87' lang='lat' dir='ltr'>ipsum</span> <span class='ocrx_word' id='word_1_194' title='bbox 349 1591 606 1639; x_wconf 82' lang='lat' dir='ltr'>consulem</span> <span class='ocrx_word' id='word_1_195' title='bbox 636 1590 870 1639; x_wconf 86' lang='lat' dir='ltr'>Manlium</span> <span class='ocrx_word' id='word_1_196' title='bbox 901 1590 996 1640; x_wconf 86' lang='lat' dir='ltr'>iam</span> <span class='ocrx_word' id='word_1_197' title='bbox 1025 1590 1157 1638; x_wconf 74' lang='lat' dir='ltr'>velut</span> <span class='ocrx_word' id='word_1_198' title='bbox 1184 1590 1319 1639; x_wconf 82' lang='lat' dir='ltr'>fusos</span> <span class='ocrx_word' id='word_1_199' title='bbox 1346 1599 1574 1654; x_wconf 83' lang='lat' dir='ltr'>agentem</span> <span class='ocrx_word' id='word_1_200' title='bbox 1603 1592 1760 1640; x_wconf 86' lang='lat' dir='ltr'>hostis</span> <span class='ocrx_word' id='word_1_201' title='bbox 1790 1599 1838 1640; x_wconf 87' lang='lat' dir='ltr'>et</span> <span class='ocrx_word' id='word_1_202' title='bbox 1866 1592 1949 1640; x_wconf 90' lang='lat' dir='ltr'>in-</span> 
     </span>
     <span class='ocr_line' id='line_1_25' title="bbox 161 1660 1946 1726; baseline 0.002 -17"><span class='ocrx_word' id='word_1_203' title='bbox 161 1660 298 1726; x_wconf 82' lang='lat' dir='ltr'>pigre</span> <span class='ocrx_word' id='word_1_204' title='bbox 335 1661 513 1710; x_wconf 85' lang='lat' dir='ltr'>milites</span> <span class='ocrx_word' id='word_1_205' title='bbox 562 1662 720 1710; x_wconf 87' lang='lat' dir='ltr'>secuti</span> <span class='ocrx_word' id='word_1_206' title='bbox 759 1670 878 1711; x_wconf 87' lang='lat' dir='ltr'>sunt</span> <span class='ocrx_word' id='word_1_207' title='bbox 906 1669 977 1719; x_wconf 89' lang='lat' dir='ltr'>et,</span> <span class='ocrx_word' id='word_1_208' title='bbox 1021 1668 1075 1710; x_wconf 91' lang='lat' dir='ltr'>ut</span> <span class='ocrx_word' id='word_1_209' title='bbox 1101 1661 1181 1709; x_wconf 86' lang='lat' dir='ltr'>ille</span> <span class='ocrx_word' id='word_1_210' title='bbox 1207 1662 1338 1725; x_wconf 82' lang='lat' dir='ltr'>gravi</span> <span class='ocrx_word' id='word_1_211' title='bbox 1378 1663 1577 1711; x_wconf 85' lang='lat' dir='ltr'>vulnere</span> <span class='ocrx_word' id='word_1_212' title='bbox 1607 1663 1731 1711; x_wconf 82' lang='lat' dir='ltr'>ictus</span> <span class='ocrx_word' id='word_1_213' title='bbox 1760 1679 1816 1711; x_wconf 75' lang='lat' dir='ltr'>ex</span> <span class='ocrx_word' id='word_1_214' title='bbox 1844 1663 1946 1712; x_wconf 87' lang='lat' dir='ltr'>acie</span> 
     </span>
     <span class='ocr_line' id='line_1_26' title="bbox 159 1731 2002 1798; baseline 0.001 -17"><span class='ocrx_word' id='word_1_215' title='bbox 159 1732 324 1790; x_wconf 85' lang='lat' dir='ltr'>cessit,</span> <span class='ocrx_word' id='word_1_216' title='bbox 352 1731 672 1782; x_wconf 82' lang='lat' dir='ltr'>interfectum</span> <span class='ocrx_word' id='word_1_217' title='bbox 700 1734 793 1782; x_wconf 85' lang='lat' dir='ltr'>rati</span> <span class='ocrx_word' id='word_1_218' title='bbox 819 1733 1024 1796; x_wconf 85' lang='lat' dir='ltr'>gradum</span> <span class='ocrx_word' id='word_1_219' title='bbox 1053 1733 1313 1790; x_wconf 69' lang='lat' dir='ltr'>rettulere,</span> <span class='ocrx_word' id='word_1_220' title='bbox 1344 1733 1712 1798; x_wconf 80' lang='lat' dir='ltr'>cessissentque</span> <span class='ocrx_word' id='word_1_221' title='bbox 1739 1734 1863 1790; x_wconf 82' lang='lat' dir='ltr'>loco,</span> <span class='ocrx_word' id='word_1_222' title='bbox 1894 1732 1944 1782; x_wconf 91' lang='lat' dir='ltr'>ni</span> <span class='ocrx_word' id='word_1_223' title='bbox 1980 1736 2002 1774; x_wconf 89' lang='lat'><strong>3</strong></span> 
     </span>
     <span class='ocr_line' id='line_1_27' title="bbox 161 1803 1947 1868; baseline 0.001 -16"><span class='ocrx_word' id='word_1_224' title='bbox 161 1803 334 1853; x_wconf 88' lang='lat' dir='ltr'>consul</span> <span class='ocrx_word' id='word_1_225' title='bbox 361 1803 483 1852; x_wconf 90' lang='lat' dir='ltr'>alter</span> <span class='ocrx_word' id='word_1_226' title='bbox 510 1819 623 1853; x_wconf 90' lang='lat' dir='ltr'>cum</span> <span class='ocrx_word' id='word_1_227' title='bbox 662 1803 849 1868; x_wconf 86' lang='lat' dir='ltr'>aliquot</span> <span class='ocrx_word' id='word_1_228' title='bbox 876 1804 1055 1853; x_wconf 88' lang='lat' dir='ltr'>turmis</span> <span class='ocrx_word' id='word_1_229' title='bbox 1084 1803 1306 1867; x_wconf 78' lang='lat' dir='ltr'>equitum</span> <span class='ocrx_word' id='word_1_230' title='bbox 1347 1804 1396 1852; x_wconf 90' lang='lat' dir='ltr'>in</span> <span class='ocrx_word' id='word_1_231' title='bbox 1434 1820 1539 1852; x_wconf 87' lang='lat' dir='ltr'>earn</span> <span class='ocrx_word' id='word_1_232' title='bbox 1579 1812 1770 1868; x_wconf 77' lang='lat' dir='ltr'>partem</span> <span class='ocrx_word' id='word_1_233' title='bbox 1799 1805 1947 1853; x_wconf 84' lang='lat' dir='ltr'>citato</span> 
     </span>
     <span class='ocr_line' id='line_1_28' title="bbox 162 1874 1950 1939; baseline 0.001 -15"><span class='ocrx_word' id='word_1_234' title='bbox 162 1890 289 1939; x_wconf 90' lang='lat' dir='ltr'>equo</span> <span class='ocrx_word' id='word_1_235' title='bbox 311 1874 563 1931; x_wconf 83' lang='lat' dir='ltr'>advectuS,</span> <span class='ocrx_word' id='word_1_236' title='bbox 587 1875 748 1924; x_wconf 83' lang='lat' dir='ltr'>vivere</span> <span class='ocrx_word' id='word_1_237' title='bbox 764 1876 1021 1924; x_wconf 88' lang='lat' dir='ltr'>clamitans</span> <span class='ocrx_word' id='word_1_238' title='bbox 1040 1874 1291 1937; x_wconf 83' lang='lat' dir='ltr'>collegam,</span> <span class='ocrx_word' id='word_1_239' title='bbox 1316 1891 1367 1923; x_wconf 86' lang='lat' dir='ltr'>se</span> <span class='ocrx_word' id='word_1_240' title='bbox 1394 1876 1629 1924; x_wconf 77' lang='lat' dir='ltr'>victorem</span> <span class='ocrx_word' id='word_1_241' title='bbox 1658 1876 1767 1925; x_wconf 79' lang='lat' dir='ltr'>suso</span> <span class='ocrx_word' id='word_1_242' title='bbox 1796 1877 1950 1925; x_wconf 87' lang='lat' dir='ltr'>altero</span> 
     </span>
     <span class='ocr_line' id='line_1_29' title="bbox 162 1946 2008 2011; baseline -0.001 -17"><span class='ocrx_word' id='word_1_243' title='bbox 162 1959 319 1994; x_wconf 90' lang='lat' dir='ltr'>cornu</span> <span class='ocrx_word' id='word_1_244' title='bbox 345 1946 533 2002; x_wconf 85' lang='lat' dir='ltr'>adesse,</span> <span class='ocrx_word' id='word_1_245' title='bbox 563 1961 669 1995; x_wconf 89' lang='lat' dir='ltr'>rem</span> <span class='ocrx_word' id='word_1_246' title='bbox 712 1947 998 1996; x_wconf 88' lang='lat' dir='ltr'>inclinatam</span> <span class='ocrx_word' id='word_1_247' title='bbox 1036 1946 1367 1995; x_wconf 84' lang='lat' dir='ltr'>sustinuisset.</span> <span class='ocrx_word' id='word_1_248' title='bbox 1421 1946 1629 1995; x_wconf 79' lang='lat' dir='ltr'>Manlius</span> <span class='ocrx_word' id='word_1_249' title='bbox 1666 1963 1864 2011; x_wconf 80' lang='lat' dir='ltr'>quoque</span> <span class='ocrx_word' id='word_1_250' title='bbox 1893 1947 1950 1996; x_wconf 90' lang='lat' dir='ltr'>ad</span> <span class='ocrx_word' id='word_1_251' title='bbox 1983 1954 2008 1993; x_wconf 75' lang='grc'>4</span> 
     </span>
     <span class='ocr_line' id='line_1_30' title="bbox 161 2015 1950 2082; baseline 0.001 -17"><span class='ocrx_word' id='word_1_252' title='bbox 161 2015 520 2066; x_wconf 85' lang='lat' dir='ltr'>restituendam</span> <span class='ocrx_word' id='word_1_253' title='bbox 561 2017 718 2066; x_wconf 90' lang='lat' dir='ltr'>aciem</span> <span class='ocrx_word' id='word_1_254' title='bbox 760 2034 812 2066; x_wconf 89' lang='lat' dir='ltr'>se</span> <span class='ocrx_word' id='word_1_255' title='bbox 850 2019 955 2082; x_wconf 81' lang='lat' dir='ltr'>ipse</span> <span class='ocrx_word' id='word_1_256' title='bbox 995 2032 1160 2066; x_wconf 85' lang='lat' dir='ltr'>coram</span> <span class='ocrx_word' id='word_1_257' title='bbox 1202 2018 1359 2066; x_wconf 86' lang='lat' dir='ltr'>oll&#39;ert.</span> <span class='ocrx_word' id='word_1_258' title='bbox 1436 2018 1646 2066; x_wconf 87' lang='lat' dir='ltr'>duorum</span> <span class='ocrx_word' id='word_1_259' title='bbox 1686 2019 1950 2067; x_wconf 87' lang='lat' dir='ltr'>consulum</span> 
     </span>
    </p>
   </div>
   <div class='ocr_carea' id='block_1_5' title="bbox 158 2116 1016 3311">
    <p class='ocr_par' dir='ltr' id='par_1_5' title="bbox 158 2116 1014 2780">
     <span class='ocr_line' id='line_1_31' title="bbox 159 2116 1011 2168; baseline -0.001 -11"><span class='ocrx_word' id='word_1_260' title='bbox 159 2117 228 2166; x_wconf 84' lang='grc'>40,</span> <span class='ocrx_word' id='word_1_261' title='bbox 258 2116 306 2164; x_wconf 83' lang='grc'>4;</span> <span class='ocrx_word' id='word_1_262' title='bbox 349 2116 382 2165; x_wconf 92' lang='grc'>1,</span> <span class='ocrx_word' id='word_1_263' title='bbox 425 2116 464 2163; x_wconf 87' lang='grc'>9,</span> <span class='ocrx_word' id='word_1_264' title='bbox 504 2116 552 2156; x_wconf 88' lang='grc'>12</span> <span class='ocrx_word' id='word_1_265' title='bbox 582 2129 703 2166; x_wconf 84' lang='lat' dir='ltr'>u.a.;</span> <span class='ocrx_word' id='word_1_266' title='bbox 745 2116 1011 2168; x_wconf 70' lang='lat' dir='ltr'>gewiihnlich</span> 
     </span>
     <span class='ocr_line' id='line_1_32' title="bbox 158 2172 1009 2228; baseline 0 -15"><span class='ocrx_word' id='word_1_267' title='bbox 158 2178 254 2224; x_wconf 75' lang='lat' dir='ltr'>sagt</span> <span class='ocrx_word' id='word_1_268' title='bbox 282 2172 331 2212; x_wconf 89' lang='lat' dir='ltr'>L.</span> <span class='ocrx_word' id='word_1_269' title='bbox 356 2173 606 2227; x_wconf 77' lang='lat' dir='ltr'>spectaculo,</span> <span class='ocrx_word' id='word_1_270' title='bbox 631 2174 821 2228; x_wconf 69' lang='lat' dir='ltr'>e-remplo</span> <span class='ocrx_word' id='word_1_271' title='bbox 848 2188 953 2224; x_wconf 78' lang='lat' dir='ltr'>esse,</span> <span class='ocrx_word' id='word_1_272' title='bbox 975 2186 1009 2213; x_wconf 85' lang='lat' dir='ltr'>s.</span> 
     </span>
     <span class='ocr_line' id='line_1_33' title="bbox 159 2229 1011 2281; baseline -0.001 -11"><span class='ocrx_word' id='word_1_273' title='bbox 159 2244 196 2270; x_wconf 81' lang='lat' dir='ltr'>e.</span> <span class='ocrx_word' id='word_1_274' title='bbox 220 2230 260 2281; x_wconf 88' lang='lat'>5,</span> <span class='ocrx_word' id='word_1_275' title='bbox 283 2229 331 2277; x_wconf 89' lang='lat'>8;</span> <span class='ocrx_word' id='word_1_276' title='bbox 355 2231 422 2280; x_wconf 79' lang='lat'>25,</span> <span class='ocrx_word' id='word_1_277' title='bbox 447 2230 515 2279; x_wconf 77' lang='lat'>29,</span> <span class='ocrx_word' id='word_1_278' title='bbox 537 2232 561 2270; x_wconf 83' lang='grc'>6</span> <span class='ocrx_word' id='word_1_279' title='bbox 585 2244 624 2270; x_wconf 92' lang='lat' dir='ltr'>u.</span> <span class='ocrx_word' id='word_1_280' title='bbox 648 2243 685 2270; x_wconf 81' lang='lat' dir='ltr'>a.</span> <span class='ocrx_word' id='word_1_281' title='bbox 710 2254 762 2260; x_wconf 78' lang='lat'>—</span> <span class='ocrx_word' id='word_1_282' title='bbox 785 2232 911 2270; x_wconf 59' lang='lat' dir='ltr'>terno</span> <span class='ocrx_word' id='word_1_283' title='bbox 933 2243 1011 2269; x_wconf 82' lang='lat' dir='ltr'>an-</span> 
     </span>
     <span class='ocr_line' id='line_1_34' title="bbox 161 2286 1012 2337; baseline -0.001 -9"><span class='ocrx_word' id='word_1_284' title='bbox 161 2299 226 2336; x_wconf 84' lang='lat' dir='ltr'>no,</span> <span class='ocrx_word' id='word_1_285' title='bbox 249 2299 282 2326; x_wconf 85' lang='lat' dir='ltr'>s.</span> <span class='ocrx_word' id='word_1_286' title='bbox 305 2299 339 2325; x_wconf 89' lang='lat' dir='ltr'>c.</span> <span class='ocrx_word' id='word_1_287' title='bbox 364 2286 433 2326; x_wconf 83' lang='lat'>43.</span> <span class='ocrx_word' id='word_1_288' title='bbox 453 2310 506 2315; x_wconf 89' lang='lat'>—</span> <span class='ocrx_word' id='word_1_289' title='bbox 524 2291 690 2327; x_wconf 77' lang='lat' dir='ltr'>euntem</span> <span class='ocrx_word' id='word_1_290' title='bbox 716 2311 734 2317; x_wconf 93' lang='lat'>-</span> <span class='ocrx_word' id='word_1_291' title='bbox 758 2291 1012 2337; x_wconf 76' lang='lat' dir='ltr'>versantem,</span> 
     </span>
     <span class='ocr_line' id='line_1_35' title="bbox 161 2342 1012 2395; baseline 0 -11"><span class='ocrx_word' id='word_1_292' title='bbox 161 2343 268 2384; x_wconf 82' lang='lat' dir='ltr'>ohne</span> <span class='ocrx_word' id='word_1_293' title='bbox 290 2343 462 2395; x_wconf 80' lang='lat' dir='ltr'>Angabe</span> <span class='ocrx_word' id='word_1_294' title='bbox 485 2342 561 2383; x_wconf 76' lang='lat' dir='ltr'>der</span> <span class='ocrx_word' id='word_1_295' title='bbox 590 2343 818 2395; x_wconf 77' lang='lat' dir='ltr'>zeitsolge,</span> <span class='ocrx_word' id='word_1_296' title='bbox 850 2358 916 2384; x_wconf 93' lang='lat' dir='ltr'>um</span> <span class='ocrx_word' id='word_1_297' title='bbox 938 2345 1012 2385; x_wconf 89' lang='lat' dir='ltr'>das</span> 
     </span>
     <span class='ocr_line' id='line_1_36' title="bbox 160 2400 1012 2452; baseline -0.004 -10"><span class='ocrx_word' id='word_1_298' title='bbox 160 2400 307 2452; x_wconf 73' lang='lat' dir='ltr'>rasche</span> <span class='ocrx_word' id='word_1_299' title='bbox 347 2400 569 2440; x_wconf 82' lang='lat' dir='ltr'>Eiutreten</span> <span class='ocrx_word' id='word_1_300' title='bbox 620 2401 693 2441; x_wconf 86' lang='lat' dir='ltr'>des</span> <span class='ocrx_word' id='word_1_301' title='bbox 734 2404 903 2441; x_wconf 75' lang='lat' dir='ltr'>ver-sari</span> <span class='ocrx_word' id='word_1_302' title='bbox 939 2414 1012 2442; x_wconf 85' lang='lat' dir='ltr'>an-</span> 
     </span>
     <span class='ocr_line' id='line_1_37' title="bbox 164 2451 1012 2508; baseline 0 -10"><span class='ocrx_word' id='word_1_303' title='bbox 164 2451 442 2506; x_wconf 50' lang='lat' dir='ltr'>zudeutenss.</span> <span class='ocrx_word' id='word_1_304' title='bbox 467 2471 519 2497; x_wconf 90' lang='lat' dir='ltr'>zu</span> <span class='ocrx_word' id='word_1_305' title='bbox 542 2458 610 2508; x_wconf 87' lang='grc'>21,</span> <span class='ocrx_word' id='word_1_306' title='bbox 634 2458 700 2507; x_wconf 80' lang='grc'>28,</span> <span class='ocrx_word' id='word_1_307' title='bbox 727 2461 766 2497; x_wconf 80' lang='lat'>5.</span> <span class='ocrx_word' id='word_1_308' title='bbox 791 2482 842 2487; x_wconf 85' lang='lat'>-</span> <span class='ocrx_word' id='word_1_309' title='bbox 865 2460 1012 2499; x_wconf 78' lang='lat' dir='ltr'>incau-</span> 
     </span>
     <span class='ocr_line' id='line_1_38' title="bbox 162 2513 1011 2569; baseline 0 -14"><span class='ocrx_word' id='word_1_310' title='bbox 162 2517 265 2563; x_wconf 78' lang='lat' dir='ltr'>tum,</span> <span class='ocrx_word' id='word_1_311' title='bbox 301 2515 341 2566; x_wconf 85' lang='lat'>6,</span> <span class='ocrx_word' id='word_1_312' title='bbox 377 2514 417 2565; x_wconf 86' lang='lat'>7,</span> <span class='ocrx_word' id='word_1_313' title='bbox 454 2513 502 2562; x_wconf 82' lang='lat'>33</span> <span class='ocrx_word' id='word_1_314' title='bbox 550 2515 585 2565; x_wconf 91' lang='lat'>1,</span> <span class='ocrx_word' id='word_1_315' title='bbox 628 2515 696 2566; x_wconf 88' lang='grc'>21,</span> <span class='ocrx_word' id='word_1_316' title='bbox 734 2518 767 2557; x_wconf 94' lang='grc'>1.</span> <span class='ocrx_word' id='word_1_317' title='bbox 811 2529 1011 2569; x_wconf 83' lang='lat' dir='ltr'>—prae-</span> 
     </span>
     <span class='ocr_line' id='line_1_39' title="bbox 163 2571 1012 2626; baseline 0 -14"><span class='ocrx_word' id='word_1_318' title='bbox 163 2583 269 2626; x_wconf 76' lang='lat' dir='ltr'>ceps,</span> <span class='ocrx_word' id='word_1_319' title='bbox 305 2583 353 2612; x_wconf 84' lang='lat' dir='ltr'>er</span> <span class='ocrx_word' id='word_1_320' title='bbox 393 2571 533 2611; x_wconf 83' lang='lat' dir='ltr'>stiirzt</span> <span class='ocrx_word' id='word_1_321' title='bbox 564 2572 725 2622; x_wconf 82' lang='lat' dir='ltr'>nieder,</span> <span class='ocrx_word' id='word_1_322' title='bbox 767 2572 901 2613; x_wconf 81' lang='lat' dir='ltr'>indem</span> <span class='ocrx_word' id='word_1_323' title='bbox 939 2572 1012 2612; x_wconf 77' lang='lat' dir='ltr'>das</span> 
     </span>
     <span class='ocr_line' id='line_1_40' title="bbox 164 2625 1014 2680; baseline 0.002 -13"><span class='ocrx_word' id='word_1_324' title='bbox 164 2627 301 2680; x_wconf 80' lang='lat' dir='ltr'>Haupt</span> <span class='ocrx_word' id='word_1_325' title='bbox 341 2625 417 2668; x_wconf 80' lang='lat' dir='ltr'>auf</span> <span class='ocrx_word' id='word_1_326' title='bbox 460 2628 527 2669; x_wconf 88' lang='lat' dir='ltr'>die</span> <span class='ocrx_word' id='word_1_327' title='bbox 570 2629 847 2670; x_wconf 72' lang='lat' dir='ltr'>vet-wundete</span> <span class='ocrx_word' id='word_1_328' title='bbox 889 2631 1014 2670; x_wconf 84' lang='lat' dir='ltr'>Brust</span> 
     </span>
     <span class='ocr_line' id='line_1_41' title="bbox 165 2683 1012 2780; baseline 0.005 -57"><span class='ocrx_word' id='word_1_329' title='bbox 165 2683 296 2780; x_wconf 72' lang='lat' dir='ltr'>sin3kt,</span> <span class='ocrx_word' id='word_1_330' title='bbox 330 2684 414 2735; x_wconf 81' lang='lat' dir='ltr'>vgl.</span> <span class='ocrx_word' id='word_1_331' title='bbox 444 2685 476 2734; x_wconf 87' lang='lat'>1,</span> <span class='ocrx_word' id='word_1_332' title='bbox 499 2685 566 2735; x_wconf 88' lang='grc'>58,</span> <span class='ocrx_word' id='word_1_333' title='bbox 591 2687 663 2735; x_wconf 87' lang='grc'>12;</span> <span class='ocrx_word' id='word_1_334' title='bbox 688 2686 796 2727; x_wconf 85' lang='lat' dir='ltr'>Stat.</span> <span class='ocrx_word' id='word_1_335' title='bbox 821 2685 950 2727; x_wconf 88' lang='lat' dir='ltr'>Theb.</span> <span class='ocrx_word' id='word_1_336' title='bbox 975 2688 1012 2738; x_wconf 68' lang='lat'>4,</span> 
     </span>
    </p>

    <p class='ocr_par' dir='ltr' id='par_1_6' title="bbox 162 2798 1016 3311">
     <span class='ocr_line' id='line_1_42' title="bbox 221 2798 1013 2849; baseline 0.001 -11"><span class='ocrx_word' id='word_1_337' title='bbox 221 2798 316 2838; x_wconf 84' lang='lat'><strong>6-7.</strong></span> <span class='ocrx_word' id='word_1_338' title='bbox 373 2799 610 2838; x_wconf 73' lang='lat' dir='ltr'>iniuratus:</span> <span class='ocrx_word' id='word_1_339' title='bbox 653 2799 758 2840; x_wconf 86' lang='lat' dir='ltr'>ohne</span> <span class='ocrx_word' id='word_1_340' title='bbox 799 2799 897 2840; x_wconf 80' lang='lat' dir='ltr'>dass</span> <span class='ocrx_word' id='word_1_341' title='bbox 935 2799 1013 2849; x_wconf 84' lang='lat' dir='ltr'>ich,</span> 
     </span>
     <span class='ocr_line' id='line_1_43' title="bbox 168 2853 1013 2907; baseline 0.002 -12"><span class='ocrx_word' id='word_1_342' title='bbox 168 2853 362 2906; x_wconf 75' lang='lat' dir='ltr'>obgleich</span> <span class='ocrx_word' id='word_1_343' title='bbox 386 2854 454 2895; x_wconf 87' lang='lat' dir='ltr'>ich</span> <span class='ocrx_word' id='word_1_344' title='bbox 477 2855 604 2907; x_wconf 89' lang='lat' dir='ltr'>nicht,</span> <span class='ocrx_word' id='word_1_345' title='bbox 638 2868 671 2896; x_wconf 77' lang='lat'>8.</span> <span class='ocrx_word' id='word_1_346' title='bbox 696 2858 759 2905; x_wconf 91' lang='grc'>10,</span> <span class='ocrx_word' id='word_1_347' title='bbox 777 2857 846 2902; x_wconf 77' lang='grc'>41,</span> <span class='ocrx_word' id='word_1_348' title='bbox 875 2859 938 2899; x_wconf 94' lang='grc'>10.</span> <span class='ocrx_word' id='word_1_349' title='bbox 959 2880 1013 2886; x_wconf 91' lang='lat'>——</span> 
     </span>
     <span class='ocr_line' id='line_1_44' title="bbox 162 2911 1015 2966; baseline 0.002 -14"><span class='ocrx_word' id='word_1_350' title='bbox 162 2911 325 2952; x_wconf 75' lang='lat' dir='ltr'>consuli</span> <span class='ocrx_word' id='word_1_351' title='bbox 359 2936 377 2943; x_wconf 87' lang='lat'><em>-</em></span> <span class='ocrx_word' id='word_1_352' title='bbox 410 2912 574 2960; x_wconf 78' lang='lat' dir='ltr'>consul,</span> <span class='ocrx_word' id='word_1_353' title='bbox 616 2926 681 2953; x_wconf 88' lang='lat' dir='ltr'>um</span> <span class='ocrx_word' id='word_1_354' title='bbox 724 2913 792 2953; x_wconf 90' lang='lat' dir='ltr'>die</span> <span class='ocrx_word' id='word_1_355' title='bbox 833 2913 1015 2966; x_wconf 83' lang='lat' dir='ltr'>Begrill&#39;e</span> 
     </span>
     <span class='ocr_line' id='line_1_45' title="bbox 163 2968 1016 3022; baseline 0.004 -14"><span class='ocrx_word' id='word_1_356' title='bbox 163 2968 529 3017; x_wconf 81' lang='lat' dir='ltr'>hervorzuhebeu,</span> <span class='ocrx_word' id='word_1_357' title='bbox 560 2983 611 3009; x_wconf 87' lang='lat' dir='ltr'>an</span> <span class='ocrx_word' id='word_1_358' title='bbox 643 2971 720 3010; x_wconf 89' lang='lat' dir='ltr'>deu</span> <span class='ocrx_word' id='word_1_359' title='bbox 744 2969 911 3022; x_wconf 79' lang='lat' dir='ltr'>Anfang</span> <span class='ocrx_word' id='word_1_360' title='bbox 932 2971 1016 3011; x_wconf 89' lang='lat' dir='ltr'>und</span> 
     </span>
     <span class='ocr_line' id='line_1_46' title="bbox 164 3024 1014 3077; baseline 0.004 -12"><span class='ocrx_word' id='word_1_361' title='bbox 164 3024 238 3065; x_wconf 75' lang='lat' dir='ltr'>das</span> <span class='ocrx_word' id='word_1_362' title='bbox 267 3024 385 3065; x_wconf 85' lang='lat' dir='ltr'>Ende</span> <span class='ocrx_word' id='word_1_363' title='bbox 415 3026 604 3076; x_wconf 78' lang='lat' dir='ltr'>gestellt.</span> <span class='ocrx_word' id='word_1_364' title='bbox 643 3050 694 3055; x_wconf 85' lang='lat'>—</span> <span class='ocrx_word' id='word_1_365' title='bbox 720 3028 924 3077; x_wconf 75' lang='lat' dir='ltr'>verbisne,</span> <span class='ocrx_word' id='word_1_366' title='bbox 946 3027 1014 3068; x_wconf 86' lang='lat' dir='ltr'>bei</span> 
     </span>
     <span class='ocr_line' id='line_1_47' title="bbox 165 3080 1014 3134; baseline 0.004 -12"><span class='ocrx_word' id='word_1_367' title='bbox 165 3082 242 3122; x_wconf 83' lang='lat' dir='ltr'>der</span> <span class='ocrx_word' id='word_1_368' title='bbox 268 3080 496 3134; x_wconf 76' lang='lat' dir='ltr'>Anfiigung</span> <span class='ocrx_word' id='word_1_369' title='bbox 525 3083 600 3123; x_wconf 81' lang='lat' dir='ltr'>der</span> <span class='ocrx_word' id='word_1_370' title='bbox 635 3089 743 3124; x_wconf 85' lang='lat' dir='ltr'>orat.</span> <span class='ocrx_word' id='word_1_371' title='bbox 767 3091 883 3125; x_wconf 81' lang='lat' dir='ltr'>recta</span> <span class='ocrx_word' id='word_1_372' title='bbox 905 3084 1014 3125; x_wconf 86' lang='lat' dir='ltr'>wird</span> 
     </span>
     <span class='ocr_line' id='line_1_48' title="bbox 164 3139 1013 3193; baseline 0.005 -15"><span class='ocrx_word' id='word_1_373' title='bbox 164 3139 304 3191; x_wconf 73' lang='lat' dir='ltr'>inquit</span> <span class='ocrx_word' id='word_1_374' title='bbox 339 3140 456 3180; x_wconf 88' lang='lat' dir='ltr'>nicht</span> <span class='ocrx_word' id='word_1_375' title='bbox 489 3140 627 3180; x_wconf 84' lang='lat' dir='ltr'>selten</span> <span class='ocrx_word' id='word_1_376' title='bbox 662 3154 743 3180; x_wconf 87' lang='lat' dir='ltr'>von</span> <span class='ocrx_word' id='word_1_377' title='bbox 775 3140 819 3180; x_wconf 87' lang='lat' dir='ltr'>L.</span> <span class='ocrx_word' id='word_1_378' title='bbox 843 3154 1013 3193; x_wconf 74' lang='lat' dir='ltr'>wegge-</span> 
     </span>
     <span class='ocr_line' id='line_1_49' title="bbox 165 3195 1013 3253; baseline 0.004 -18"><span class='ocrx_word' id='word_1_379' title='bbox 165 3195 320 3236; x_wconf 67' lang='lat' dir='ltr'>lusson.</span> <span class='ocrx_word' id='word_1_380' title='bbox 357 3219 409 3226; x_wconf 84' lang='lat'><em>—</em></span> <span class='ocrx_word' id='word_1_381' title='bbox 445 3198 759 3253; x_wconf 79' lang='lat' dir='ltr'>impetrabunt,</span> <span class='ocrx_word' id='word_1_382' title='bbox 800 3200 840 3239; x_wconf 87' lang='lat' dir='ltr'>in</span> <span class='ocrx_word' id='word_1_383' title='bbox 878 3205 1013 3239; x_wconf 75' lang='lat' dir='ltr'>etwas</span> 
     </span>
     <span class='ocr_line' id='line_1_50' title="bbox 166 3251 1014 3311; baseline 0.006 -20"><span class='ocrx_word' id='word_1_384' title='bbox 166 3251 361 3294; x_wconf 70' lang='lat' dir='ltr'>auderem</span> <span class='ocrx_word' id='word_1_385' title='bbox 384 3253 527 3304; x_wconf 79' lang='lat' dir='ltr'>Sinne,</span> <span class='ocrx_word' id='word_1_386' title='bbox 573 3255 636 3295; x_wconf 85' lang='lat' dir='ltr'>als</span> <span class='ocrx_word' id='word_1_387' title='bbox 674 3257 1014 3311; x_wconf 75' lang='lat' dir='ltr'>impetraturum,</span> 
     </span>
    </p>
   </div>
   <div class='ocr_carea' id='block_1_6' title="bbox 1094 2116 1954 2566">
    <p class='ocr_par' dir='ltr' id='par_1_7' title="bbox 1094 2116 1954 2566">
     <span class='ocr_line' id='line_1_51' title="bbox 1102 2116 1954 2166; baseline 0.001 -10"><span class='ocrx_word' id='word_1_388' title='bbox 1102 2116 1163 2156; x_wconf 88' lang='lat' dir='ltr'>sie</span> <span class='ocrx_word' id='word_1_389' title='bbox 1199 2117 1368 2157; x_wconf 78' lang='lat' dir='ltr'>werden</span> <span class='ocrx_word' id='word_1_390' title='bbox 1407 2130 1451 2157; x_wconf 80' lang='lat' dir='ltr'>es</span> <span class='ocrx_word' id='word_1_391' title='bbox 1497 2118 1624 2158; x_wconf 79' lang='lat' dir='ltr'>sehon</span> <span class='ocrx_word' id='word_1_392' title='bbox 1658 2117 1954 2166; x_wconf 82' lang='lat' dir='ltr'>durchsetzen,</span> 
     </span>
     <span class='ocr_line' id='line_1_52' title="bbox 1103 2173 1952 2228; baseline 0.002 -15"><span class='ocrx_word' id='word_1_393' title='bbox 1103 2173 1225 2214; x_wconf 84' lang='lat' dir='ltr'>dahin</span> <span class='ocrx_word' id='word_1_394' title='bbox 1270 2174 1470 2226; x_wconf 81' lang='lat' dir='ltr'>bringen,</span> <span class='ocrx_word' id='word_1_395' title='bbox 1519 2176 1615 2214; x_wconf 79' lang='lat' dir='ltr'>dass</span> <span class='ocrx_word' id='word_1_396' title='bbox 1660 2175 1719 2215; x_wconf 80' lang='lat' dir='ltr'>sie</span> <span class='ocrx_word' id='word_1_397' title='bbox 1762 2173 1952 2228; x_wconf 75' lang='lat' dir='ltr'>kiimpsen</span> 
     </span>
     <span class='ocr_line' id='line_1_53' title="bbox 1103 2230 1952 2285; baseline 0.002 -16"><span class='ocrx_word' id='word_1_398' title='bbox 1103 2230 1284 2270; x_wconf 83' lang='lat' dir='ltr'>miissen.</span> <span class='ocrx_word' id='word_1_399' title='bbox 1310 2254 1361 2260; x_wconf 90' lang='lat'>——</span> <span class='ocrx_word' id='word_1_400' title='bbox 1386 2233 1427 2271; x_wconf 81' lang='grc' dir='ltr'>ίιι</span> <span class='ocrx_word' id='word_1_401' title='bbox 1447 2234 1588 2285; x_wconf 62' lang='lat' dir='ltr'>prim„</span> <span class='ocrx_word' id='word_1_402' title='bbox 1610 2245 1642 2271; x_wconf 90' lang='lat' dir='ltr'>s.</span> <span class='ocrx_word' id='word_1_403' title='bbox 1667 2246 1700 2272; x_wconf 79' lang='lat' dir='ltr'>c.</span> <span class='ocrx_word' id='word_1_404' title='bbox 1727 2232 1791 2283; x_wconf 85' lang='grc'>20,</span> <span class='ocrx_word' id='word_1_405' title='bbox 1821 2234 1881 2273; x_wconf 86' lang='grc'>10.</span> <span class='ocrx_word' id='word_1_406' title='bbox 1901 2255 1952 2261; x_wconf 92' lang='lat'><em>-</em></span> 
     </span>
     <span class='ocr_line' id='line_1_54' title="bbox 1105 2287 1954 2339; baseline 0.004 -14"><span class='ocrx_word' id='word_1_407' title='bbox 1105 2287 1265 2339; x_wconf 66' lang='lat' dir='ltr'>infest„</span> <span class='ocrx_word' id='word_1_408' title='bbox 1290 2302 1323 2328; x_wconf 89' lang='lat' dir='ltr'>c.</span> <span class='ocrx_word' id='word_1_409' title='bbox 1349 2288 1416 2334; x_wconf 88' lang='grc'>20,</span> <span class='ocrx_word' id='word_1_410' title='bbox 1441 2290 1464 2327; x_wconf 89' lang='grc'>2</span> <span class='ocrx_word' id='word_1_411' title='bbox 1489 2303 1526 2327; x_wconf 93' lang='lat' dir='ltr'>u.</span> <span class='ocrx_word' id='word_1_412' title='bbox 1550 2288 1633 2337; x_wconf 69' lang='lat' dir='ltr'>ost,</span> <span class='ocrx_word' id='word_1_413' title='bbox 1663 2290 1737 2329; x_wconf 85' lang='lat' dir='ltr'>das</span> <span class='ocrx_word' id='word_1_414' title='bbox 1768 2288 1858 2328; x_wconf 87' lang='lat' dir='ltr'>bds.</span> <span class='ocrx_word' id='word_1_415' title='bbox 1889 2291 1954 2328; x_wconf 80' lang='lat' dir='ltr'>in-</span> 
     </span>
     <span class='ocr_line' id='line_1_55' title="bbox 1094 2345 1953 2396; baseline 0.002 -14"><span class='ocrx_word' id='word_1_416' title='bbox 1094 2345 1245 2396; x_wconf 74' lang='lat' dir='ltr'>fensis</span> <span class='ocrx_word' id='word_1_417' title='bbox 1273 2345 1388 2384; x_wconf 78' lang='lat' dir='ltr'>wiire</span> <span class='ocrx_word' id='word_1_418' title='bbox 1431 2346 1547 2385; x_wconf 82' lang='lat' dir='ltr'>mehr</span> <span class='ocrx_word' id='word_1_419' title='bbox 1575 2345 1847 2392; x_wconf 82' lang='lat' dir='ltr'>dichterisch,</span> <span class='ocrx_word' id='word_1_420' title='bbox 1885 2345 1953 2385; x_wconf 84' lang='lat' dir='ltr'>die</span> 
     </span>
     <span class='ocr_line' id='line_1_56' title="bbox 1108 2400 1953 2452; baseline 0.002 -12"><span class='ocrx_word' id='word_1_421' title='bbox 1108 2400 1385 2452; x_wconf 79' lang='lat' dir='ltr'>Bigenschal&#39;t</span> <span class='ocrx_word' id='word_1_422' title='bbox 1431 2403 1505 2441; x_wconf 79' lang='lat' dir='ltr'>der</span> <span class='ocrx_word' id='word_1_423' title='bbox 1557 2402 1713 2442; x_wconf 78' lang='lat' dir='ltr'>Person</span> <span class='ocrx_word' id='word_1_424' title='bbox 1765 2400 1841 2442; x_wconf 74' lang='lat' dir='ltr'>aur</span> <span class='ocrx_word' id='word_1_425' title='bbox 1884 2402 1953 2443; x_wconf 83' lang='lat' dir='ltr'>die</span> 
     </span>
     <span class='ocr_line' id='line_1_57' title="bbox 1106 2458 1952 2510; baseline -0.001 -12"><span class='ocrx_word' id='word_1_426' title='bbox 1106 2459 1239 2498; x_wconf 83' lang='lat' dir='ltr'>Sache</span> <span class='ocrx_word' id='word_1_427' title='bbox 1277 2458 1598 2510; x_wconf 74' lang='lat' dir='ltr'>iibergetrageu,</span> <span class='ocrx_word' id='word_1_428' title='bbox 1635 2473 1667 2499; x_wconf 90' lang='lat' dir='ltr'>s.</span> <span class='ocrx_word' id='word_1_429' title='bbox 1691 2460 1817 2510; x_wconf 72' lang='lat' dir='ltr'>Ver-g.</span> <span class='ocrx_word' id='word_1_430' title='bbox 1852 2460 1952 2500; x_wconf 74' lang='lat' dir='ltr'>Aen.</span> 
     </span>
     <span class='ocr_line' id='line_1_58' title="bbox 1106 2515 1678 2566; baseline 0.003 -11"><span class='ocrx_word' id='word_1_431' title='bbox 1106 2516 1145 2564; x_wconf 84' lang='lat'>9,</span> <span class='ocrx_word' id='word_1_432' title='bbox 1170 2515 1273 2562; x_wconf 74' lang='lat'>7933</span> <span class='ocrx_word' id='word_1_433' title='bbox 1304 2516 1363 2566; x_wconf 83' lang='grc'>10,</span> <span class='ocrx_word' id='word_1_434' title='bbox 1391 2516 1494 2565; x_wconf 84' lang='grc'>521;</span> <span class='ocrx_word' id='word_1_435' title='bbox 1517 2519 1555 2565; x_wconf 83' lang='grc'>5,</span> <span class='ocrx_word' id='word_1_436' title='bbox 1579 2516 1678 2557; x_wconf 73' lang='lat'>641.</span> 
     </span>
    </p>
   </div>
   <div class='ocr_carea' id='block_1_7' title="bbox 1101 2619 1957 3306">
    <p class='ocr_par' dir='ltr' id='par_1_8' title="bbox 1101 2619 1957 3306">
     <span class='ocr_line' id='line_1_59' title="bbox 1165 2619 1953 2679; baseline 0.001 -11"><span class='ocrx_word' id='word_1_437' title='bbox 1165 2619 1245 2668; x_wconf 75' lang='lat'>⁴7.</span> <span class='ocrx_word' id='word_1_438' title='bbox 1284 2627 1375 2667; x_wconf 82' lang='lat'><strong>1-4.</strong></span> <span class='ocrx_word' id='word_1_439' title='bbox 1422 2630 1546 2678; x_wconf 50' lang='grc' dir='ltr'>σεεμ,</span> <span class='ocrx_word' id='word_1_440' title='bbox 1580 2632 1614 2679; x_wconf 92' lang='lat'>1,</span> <span class='ocrx_word' id='word_1_441' title='bbox 1644 2628 1769 2678; x_wconf 78' lang='lat'>12,2.</span> <span class='ocrx_word' id='word_1_442' title='bbox 1794 2627 1953 2678; x_wconf 73' lang='lat' dir='ltr'>—1·1ze,</span> 
     </span>
     <span class='ocr_line' id='line_1_60' title="bbox 1107 2683 1957 2738; baseline 0.001 -14"><span class='ocrx_word' id='word_1_443' title='bbox 1107 2683 1169 2725; x_wconf 83' lang='lat' dir='ltr'>ost</span> <span class='ocrx_word' id='word_1_444' title='bbox 1209 2698 1291 2724; x_wconf 86' lang='lat' dir='ltr'>von</span> <span class='ocrx_word' id='word_1_445' title='bbox 1342 2685 1448 2737; x_wconf 88' lang='lat' dir='ltr'>dem,</span> <span class='ocrx_word' id='word_1_446' title='bbox 1480 2698 1567 2727; x_wconf 82' lang='lat' dir='ltr'>was</span> <span class='ocrx_word' id='word_1_447' title='bbox 1607 2688 1763 2727; x_wconf 73' lang='lat' dir='ltr'>vox-her</span> <span class='ocrx_word' id='word_1_448' title='bbox 1805 2686 1957 2738; x_wconf 82' lang='lat' dir='ltr'>object</span> 
     </span>
     <span class='ocr_line' id='line_1_61' title="bbox 1105 2743 1955 2795; baseline 0.002 -15"><span class='ocrx_word' id='word_1_449' title='bbox 1105 2754 1210 2782; x_wconf 81' lang='lat' dir='ltr'>war.</span> <span class='ocrx_word' id='word_1_450' title='bbox 1253 2765 1307 2771; x_wconf 88' lang='lat'>--</span> <span class='ocrx_word' id='word_1_451' title='bbox 1347 2745 1486 2795; x_wconf 77' lang='lat' dir='ltr'>cessit,</span> <span class='ocrx_word' id='word_1_452' title='bbox 1527 2743 1609 2783; x_wconf 82' lang='lat' dir='ltr'>wie</span> <span class='ocrx_word' id='word_1_453' title='bbox 1653 2746 1690 2792; x_wconf 78' lang='grc' dir='ltr'>ἶ,</span> <span class='ocrx_word' id='word_1_454' title='bbox 1735 2744 1802 2794; x_wconf 69' lang='grc'>21,</span> <span class='ocrx_word' id='word_1_455' title='bbox 1833 2744 1872 2783; x_wconf 85' lang='grc'>3.</span> <span class='ocrx_word' id='word_1_456' title='bbox 1902 2765 1955 2771; x_wconf 92' lang='grc'><strong>-</strong></span> 
     </span>
     <span class='ocr_line' id='line_1_62' title="bbox 1101 2798 1957 2851; baseline 0 -12"><span class='ocrx_word' id='word_1_457' title='bbox 1101 2798 1228 2851; x_wconf 73' lang='lat' dir='ltr'>grad.</span> <span class='ocrx_word' id='word_1_458' title='bbox 1256 2800 1464 2850; x_wconf 72' lang='lat' dir='ltr'>rettulere,</span> <span class='ocrx_word' id='word_1_459' title='bbox 1503 2801 1585 2840; x_wconf 75' lang='lat' dir='ltr'>wie</span> <span class='ocrx_word' id='word_1_460' title='bbox 1617 2801 1797 2849; x_wconf 75' lang='lat' dir='ltr'>cedebat,</span> <span class='ocrx_word' id='word_1_461' title='bbox 1830 2814 1865 2840; x_wconf 87' lang='lat' dir='ltr'>c.</span> <span class='ocrx_word' id='word_1_462' title='bbox 1887 2800 1957 2848; x_wconf 73' lang='lat'>46,</span> 
     </span>
     <span class='ocr_line' id='line_1_63' title="bbox 1109 2855 1956 2898; baseline 0 -3"><span class='ocrx_word' id='word_1_463' title='bbox 1109 2858 1156 2895; x_wconf 84' lang='lat'>5:</span> <span class='ocrx_word' id='word_1_464' title='bbox 1187 2855 1250 2895; x_wconf 83' lang='lat' dir='ltr'>sie</span> <span class='ocrx_word' id='word_1_465' title='bbox 1283 2856 1444 2897; x_wconf 63' lang='lat' dir='ltr'>wic-hen</span> <span class='ocrx_word' id='word_1_466' title='bbox 1479 2871 1559 2896; x_wconf 84' lang='lat' dir='ltr'>von</span> <span class='ocrx_word' id='word_1_467' title='bbox 1584 2858 1674 2897; x_wconf 80' lang='lat' dir='ltr'>dem</span> <span class='ocrx_word' id='word_1_468' title='bbox 1701 2857 1861 2898; x_wconf 76' lang='lat' dir='ltr'>l&#39;uukte</span> <span class='ocrx_word' id='word_1_469' title='bbox 1884 2869 1956 2896; x_wconf 87' lang='lat' dir='ltr'>zu-</span> 
     </span>
     <span class='ocr_line' id='line_1_64' title="bbox 1108 2913 1955 2967; baseline -0.001 -14"><span class='ocrx_word' id='word_1_470' title='bbox 1108 2913 1226 2962; x_wconf 81' lang='lat' dir='ltr'>riick‚</span> <span class='ocrx_word' id='word_1_471' title='bbox 1264 2913 1329 2953; x_wconf 87' lang='lat' dir='ltr'>bis</span> <span class='ocrx_word' id='word_1_472' title='bbox 1362 2928 1411 2954; x_wconf 82' lang='lat' dir='ltr'>zu</span> <span class='ocrx_word' id='word_1_473' title='bbox 1436 2916 1525 2954; x_wconf 77' lang='lat' dir='ltr'>dem</span> <span class='ocrx_word' id='word_1_474' title='bbox 1549 2916 1610 2954; x_wconf 79' lang='lat' dir='ltr'>sic</span> <span class='ocrx_word' id='word_1_475' title='bbox 1634 2915 1955 2967; x_wconf 74' lang='lat' dir='ltr'>vorgedi·ungen</span> 
     </span>
     <span class='ocr_line' id='line_1_65' title="bbox 1107 2971 1955 3022; baseline -0.001 -13"><span class='ocrx_word' id='word_1_476' title='bbox 1107 2982 1266 3018; x_wconf 69' lang='lat' dir='ltr'>waren,</span> <span class='ocrx_word' id='word_1_477' title='bbox 1289 2971 1369 3009; x_wconf 90' lang='lat' dir='ltr'>und</span> <span class='ocrx_word' id='word_1_478' title='bbox 1395 2972 1568 3011; x_wconf 66' lang='lat' dir='ltr'>uin-den</span> <span class='ocrx_word' id='word_1_479' title='bbox 1591 2985 1717 3022; x_wconf 76' lang='lat' dir='ltr'>sogar</span> <span class='ocrx_word' id='word_1_480' title='bbox 1740 2972 1808 3011; x_wconf 79' lang='lat' dir='ltr'>die</span> <span class='ocrx_word' id='word_1_481' title='bbox 1832 2971 1955 3010; x_wconf 79' lang='lat' dir='ltr'>ihnen</span> 
     </span>
     <span class='ocr_line' id='line_1_66' title="bbox 1108 3027 1956 3079; baseline -0.001 -12"><span class='ocrx_word' id='word_1_482' title='bbox 1108 3027 1404 3079; x_wconf 78' lang='lat' dir='ltr'>augewiesenc</span> <span class='ocrx_word' id='word_1_483' title='bbox 1434 3029 1567 3068; x_wconf 77' lang='lat' dir='ltr'>Stelle</span> <span class='ocrx_word' id='word_1_484' title='bbox 1599 3029 1854 3078; x_wconf 72' lang='lat' dir='ltr'>aul&#39;gegeben</span> <span class='ocrx_word' id='word_1_485' title='bbox 1884 3027 1956 3066; x_wconf 76' lang='lat' dir='ltr'>ha·</span> 
     </span>
     <span class='ocr_line' id='line_1_67' title="bbox 1108 3085 1954 3124; baseline -0.005 0"><span class='ocrx_word' id='word_1_486' title='bbox 1108 3085 1201 3124; x_wconf 89' lang='lat' dir='ltr'>ben.</span> <span class='ocrx_word' id='word_1_487' title='bbox 1226 3106 1279 3113; x_wconf 91' lang='lat'>--</span> <span class='ocrx_word' id='word_1_488' title='bbox 1311 3098 1441 3124; x_wconf 77' lang='lat' dir='ltr'>cornu</span> <span class='ocrx_word' id='word_1_489' title='bbox 1475 3100 1510 3124; x_wconf 87' lang='lat' dir='ltr'>n.</span> <span class='ocrx_word' id='word_1_490' title='bbox 1545 3087 1737 3124; x_wconf 75' lang='lat' dir='ltr'>hostium.</span> <span class='ocrx_word' id='word_1_491' title='bbox 1776 3108 1826 3113; x_wconf 79' lang='lat'>--</span> <span class='ocrx_word' id='word_1_492' title='bbox 1865 3095 1954 3122; x_wconf 77' lang='lat' dir='ltr'>rem</span> 
     </span>
     <span class='ocr_line' id='line_1_68' title="bbox 1107 3140 1953 3193; baseline -0.002 -13"><span class='ocrx_word' id='word_1_493' title='bbox 1107 3140 1219 3186; x_wconf 75' lang='lat' dir='ltr'>incl.,</span> <span class='ocrx_word' id='word_1_494' title='bbox 1246 3142 1309 3180; x_wconf 76' lang='lat' dir='ltr'>ins</span> <span class='ocrx_word' id='word_1_495' title='bbox 1325 3140 1953 3193; x_wconf 63' lang='lat' dir='ltr'>Wankengvkommenosanche,</span> 
     </span>
     <span class='ocr_line' id='line_1_69' title="bbox 1107 3195 1955 3247; baseline -0.006 -9"><span class='ocrx_word' id='word_1_496' title='bbox 1107 3198 1317 3247; x_wconf 84' lang='lat' dir='ltr'>Schlacht,</span> <span class='ocrx_word' id='word_1_497' title='bbox 1352 3199 1685 3241; x_wconf 69' lang='lat' dir='ltr'>Schlachtrcihe.</span> <span class='ocrx_word' id='word_1_498' title='bbox 1720 3199 1801 3247; x_wconf 65' lang='lat' dir='ltr'>xgl.</span> <span class='ocrx_word' id='word_1_499' title='bbox 1830 3200 1863 3243; x_wconf 79' lang='grc'>1,</span> <span class='ocrx_word' id='word_1_500' title='bbox 1888 3195 1955 3245; x_wconf 74' lang='lat'>27,</span> 
     </span>
     <span class='ocr_line' id='line_1_70' title="bbox 1107 3256 1955 3306; baseline -0.006 -10"><span class='ocrx_word' id='word_1_501' title='bbox 1107 3256 1153 3303; x_wconf 81' lang='lat'>63</span> <span class='ocrx_word' id='word_1_502' title='bbox 1196 3260 1234 3305; x_wconf 88' lang='grc'>2,</span> <span class='ocrx_word' id='word_1_503' title='bbox 1273 3258 1340 3306; x_wconf 66' lang='grc'>411,</span> <span class='ocrx_word' id='word_1_504' title='bbox 1374 3260 1410 3295; x_wconf 70' lang='lat'>2⁸.</span> <span class='ocrx_word' id='word_1_505' title='bbox 1435 3269 1666 3304; x_wconf 80' lang='lat' dir='ltr'>—‹·01·‹1m‚</span> <span class='ocrx_word' id='word_1_506' title='bbox 1705 3267 1794 3303; x_wconf 69' lang='lat' dir='ltr'>xor,</span> <span class='ocrx_word' id='word_1_507' title='bbox 1831 3265 1955 3303; x_wconf 73' lang='lat' dir='ltr'>ange-</span> 
     </span>
    </p>
   </div>
  </div>
 </body>
</html>
